3017 4742
228 292 331 345 mn
452 244 689 349 ncneuoai
715 273 956 346 emonam
979 276 1097 349 vrrs

228 440 299 504 theo
313 438 346 521 ¹),
360 436 525 500 credimus:
549 436 599 499 sed
629 457 718 519 quam
739 436 863 497 adeunti
882 436 1005 498 cuibbet
1024 436 1138 498 multos
1157 438 1219 521 per'
1234 456 1328 501 armos

136 552 138 562 ·
227 526 375 609 patuisse,
396 534 426 584 et
444 544 549 604 magna
573 524 791 604 discipulorum
805 522 987 602 frequentis,
1007 531 1075 583 tum
1088 542 1157 585 cum
1171 544 1218 585 res
1239 535 1328 586 han-

229 611 340 695 qnillae
358 618 464 687 essent,
485 608 618 689 quotidie
629 608 765 669 floruisse
776 618 891 668 certum
904 618 958 669 eat.

309 694 374 755 lllic
385 694 485 774 itaque
498 694 615 755 incluso
630 695 770 755 custodes
782 702 813 753 et
827 693 1033 774 exploratores
1046 692 1141 753 addita
1154 716 1177 753 11
1190 693 1250 776 apsi
1261 714 1328 755 mo·

226 778 334 857 nachi,
356 800 483 861 quorum
497 789 559 840 erat
573 780 749 861 iampridem
768 779 928 839 convictor
942 788 973 838 et
986 778 1221 857 contubernalis3
1243 800 1327 841 mau-

226 867 388 944 datumque
399 864 468 943 illis,
485 865 633 926 neminem
639 875 676 925 ut
688 865 726 923 ad
737 884 805 925 enm
815 864 933 943 ingredi
946 864 1093 941 sinerent,
1116 875 1326 947 canerentque,

225 972 264 1013 ne
280 951 343 1013 eius
354 950 470 1011 litterae
485 952 566 1011 sores
579 951 616 1010 ad
633 964 804 1031 quenquam
819 950 1035 1032 perferrentur.
1077 949 1118 1009 Hi
1131 970 1253 1011 munere
1265 952 1327 1010 im-

225 1036 323 1119 posito
339 1036 497 1115 diligenter
510 1045 598 1115 atque
614 1037 686 1096 adeo
700 1056 805 1117 parum
820 1034 991 1095 humaniter
1003 1034 1100 1095 suncti
1117 1044 1188 1095 sunt
1201 1031 1248 1117 ¹);
1270 1035 1326 1095 im·

224 1142 369 1183 memores
378 1120 717 1202 quippebeneficiorum,
730 1122 838 1201 quibus
845 1119 1012 1181 innumeris
1023 1120 1124 1180 affecti
1132 1119 1326 1181 erantabhoc

224 1216 325 1269 vetere
344 1206 466 1287 hospite
489 1216 518 1266 et
539 1208 633 1267 altero
655 1205 739 1287 qusai
757 1207 929 1266 monasterii
943 1205 1107 1267 conditore.
1151 1206 1219 1280 Qua
1240 1205 1278 1265 de
1290 1224 1326 1266 re

223 1293 321 1375 ipsum
341 1292 500 1371 Gregoram
524 1294 656 1373 praestat
673 1292 778 1353 audire
798 1291 986 1353 acerbissime
1013 1301 1245 1371 conquerentem
1265 1289 1325 1350 fli-

224 1378 332 1437 storiee
350 1376 428 1438 libro
449 1398 525 1439 xxn.
566 1378 649 1438 Haec
663 1398 732 1437 cum
744 1378 787 1436 ita
800 1398 832 1437 se
850 1376 1011 1453 haberent,
1035 1386 1135 1436 tamen
1146 1376 1241 1439 variis
1256 1398 1325 1435 mo·

224 1462 270 1522 dis
290 1471 404 1522 tentata
423 1462 506 1522 illius
522 1462 698 1524 constantia.
740 1462 861 1523 Preces»
869 1472 898 1523 et
908 1462 1006 1522 minae
1023 1462 1146 1523 alternis
1162 1462 1324 1539 adhibitae,

225 1568 260 1607 ac
280 1546 318 1607 de
339 1547 500 1608 concordia
521 1548 744 1613 reconcilianda
765 1547 891 1608 subinde
911 1556 1010 1607 adum
1032 1565 1087 1627 per
1105 1548 1324 1608 internuncios.

225 1631 284 1692 Sed
303 1652 360 1693 nec
383 1634 499 1693 missia
520 1635 726 1694 Cantacuzeno
747 1632 913 1709 senatores,
934 1651 991 1691 nec
1014 1633 1164 1713 episcopi,
1188 1632 1280 1692 aliive
1306 1652 1325 1691 a

223 1717 395 1798 patriarcha
410 1726 541 1778 oratores
555 1718 698 1797 delegati,
719 1737 777 1777 uec
790 1737 930 1797 praesens
944 1718 1009 1797 ipse
1020 1716 1200 1797 patriarche,
1220 1716 1324 1775 homi-

223 1822 293 1861 nem
312 1822 432 1862 movere
455 1812 637 1882 potuerunt,
658 1809 695 1861 ut
710 1802 799 1862 novis
814 1800 941 1861 decretis
954 1801 1163 1877 subscriberet,
1185 1803 1324 1881 equibus

222 1886 271 1949 illi
294 1906 386 1948 voces
404 1897 556 1966 suspectas
573 1896 603 1944 et
618 1885 763 1963 litigiosas
779 1885 910 1946 sublatas
922 1905 984 1945 esse
995 1884 1193 1948 affirmabant.

307 1970 412 2049 Magna
435 1980 498 2029 erat
519 1981 548 2030 et
567 1990 710 2051 perquam
733 1979 823 2030 vetus
839 1969 1002 2048 Gregoram
1021 1970 1100 2030 inter
1112 1980 1142 2030 et
1157 1969 1322 2031 Cabasilam

221 2054 366 2115 amicitiae
396 2055 624 2135 studiorumque
650 2054 838 2115 coniunctio:
867 2074 923 2134 par
949 2055 1104 2115 amborum
1122 2056 1210 2117 fama.
1260 2056 1323 2118 Sed

221 2138 381 2219 Gregornm
401 2162 489 2201 omne
507 2139 683 2201 eruditionis
696 2159 809 2218 genus,
834 2138 999 2198 Cabaailam
1019 2160 1082 2200 non
1099 2151 1160 2200 tam
1173 2141 1320 2218 doctrina,

220 2245 309 2305 quam
332 2226 484 2305 ingenium
508 2226 656 2284 excellens
683 2234 715 2283 et
735 2223 881 2283 nataralia
903 2224 1049 2305 quaedam
1069 2226 1210 2287 facundia
1228 2246 1321 2287 orna-

220 2311 273 2371 bat
287 2309 328 2387 ⁸).
370 2310 409 2370 Et
430 2310 511 2370 hunc
522 2310 629 2390 igitur,
652 2328 747 2390 quum
760 2308 885 2369 caeteris
901 2309 1068 2370 oratoribus
1081 2312 1158 2372 male
1171 2312 1318 2390 cessisset,

220 2394 259 2455 ad
273 2396 436 2474 Gregoram
457 2394 537 2457 mitti
552 2396 684 2477 placuit,
707 2395 907 2474 comesquesi
922 2395 1010 2455 datus
1022 2414 1102 2455 unus
1112 2416 1151 2456 ex
1166 2397 1320 2477 primariis

220 2480 335 2540 Callisti
355 2480 541 2561 patriarchae
558 2479 748 2541 administris.
786 2480 836 2540 'Ab
846 2478 894 2539 his
907 2481 1027 2540 eaedem
1047 2500 1154 2541 rursus
1168 2483 1320 2561 quaestio-

218 2586 272 2626 nea
280 2566 412 2645 agitatae.
429 2568 524 2646 Longi
539 2577 638 2627 autem
648 2564 792 2645 colloquii
799 2562 829 2645 ⁴)
837 2566 917 2625 idem
929 2565 981 2645 qui
990 2567 1128 2646 priorum
1135 2566 1320 2647 disputatio·

164 2717 168 2724 ¹
217 2670 293 2711 num
316 2652 434 2712 ¹fructus
456 2652 565 2712 extitit.
606 2651 652 2712 Ac
677 2650 726 2711 illi
752 2650 889 2731 quidem,
909 2652 1018 2711 minati
1043 2661 1177 2713 extrem
1196 2652 1319 2735 (nempe

218 2736 280 2797 eius
303 2738 471 2815 orationes,
492 2738 525 2797 in
544 2740 722 2797 Sanctorum
746 2734 831 2796 iestis
849 2736 971 2797 recitari
996 2736 1116 2815 solitas,
1137 2737 1236 2816 ignem
1253 2758 1320 2800 oasa

217 2820 385 2882 deleturum
393 2842 402 2897 3
425 2823 526 2904 ipsum
553 2842 624 2884 vero
643 2831 713 2903 post
729 2831 858 2882 mortem
870 2830 962 2892 ‚orba
974 2821 1065 2882 Urbis
1079 2824 1198 2883 moenia
1213 2823 1318 2905 prois-

217 2916 299 2966 ctum
311 2908 350 2967 iri
372 2928 408 2968 ac
426 2908 579 2989 sepultura
592 2904 778 2987 cariturum),
792 2926 931 2967 successu
942 2907 1102 2988 desperato
1112 2919 1313 2974 recesserunt.

215 2992 306 3051 Illum
321 3000 420 3055 autem
434 2994 539 3055 durior
553 3014 642 3075 quam
653 3002 739 3055 antea
753 2992 946 3054 circumsedit
958 2992 1084 3074 vigilum
1097 2992 1317 3057 monachorum

216 3077 361 3137 custodia.

300 3161 341 3222 At
370 3182 516 3223 morosam
542 3163 748 3223 excubitorum
766 3163 952 3243 vigilantiam
976 3162 1062 3225 brevi
1079 3162 1189 3224 fefellit
1204 3164 1317 3226 meria

213 3245 372 3326 fidelisque
384 3248 470 3307 anaim
485 3250 622 3325 solertia,
644 3248 773 3310 simodo
791 3268 864 3310 vora
878 3260 949 3311 snut
960 3268 1004 3327 ea,
1025 3268 1100 3329 qnae
1113 3248 1261 3329 Gregoras
1276 3250 1316 3311 ds

213 3332 435 3413 Agathangelo,
460 3334 621 3394 Callistrati
642 3334 723 3415 filio,
742 3345 897 3402 memorat.
940 3335 1053 3417 Nempe
1076 3345 1206 3399 exsunte
1232 3355 1315 3396 auno

247 3533 278 3603 t)
291 3528 368 3621 '‘qu
386 3527 418 3619 dl
436 3532 487 3604 asie
506 3529 614 3589 ἐκεῖθεν
627 3550 760 3605 aoooyeso
831 3492 984 3603 ,dmm
1001 3533 1101 3606 (φησὶν
1113 3530 1129 3591 ὃ
1143 3532 1312 3607 φιλόσοφος)

281 3606 371 3726 otqos
382 3620 434 3673 την
450 3602 563 3689 ψυχὴν,ι
577 3604 623 3660 sul
637 3608 759 3697 ooyzpde
771 3624 786 3692 ,⁶
797 3604 865 3692 cosle
874 3602 1025 3693 toysqpodr
1038 3604 1087 3688 agol
1099 3603 1153 3675 aris
1169 3603 1311 3671 διάνοιαν,

280 3691 330 3797 '‘i.
342 3672 526 3810 ltttt't}
538 3674 1312 3814 letab'tte‘ttawetttmttiffl

278 3761 387 3899 desider
405 3812 453 3869 eat
470 3780 540 3868 heico*
562 3817 662 3879 τοῦτο,
678 3815 728 3883 τῆς
742 3816 834 3878 alatne
847 3764 925 3902 cdrqi
936 3816 1038 3886 χαμαιζ
1047 3764 1107 3869 'dos
1119 3765 1167 3871 alat
1177 3765 1310 3902 amande

279 3898 380 3952 ουσης,
396 3882 442 3937 sul
452 3885 587 3951 μηδαμῶς
602 3886 761 3954 πεφυκυίας
776 3882 848 3954 πρὸς
865 3902 969 3941 ταυτα·
998 3880 1006 3902 ’
1074 3883 1122 3940 ascl
1135 3890 1197 3949 soie
1210 3881 1312 3956 ἄμφο-

279 3951 341 4014 ὄοις
356 3956 416 4015 τοῖς
433 3950 484 4019 ἔξω
501 3950 629 4022 unditus
644 3954 890 4025 nasceremur,
907 3952 986 4012 uase
1004 3952 1040 4026 ds)
1056 3953 1105 4010 sol
1121 3949 1242 4025 dodras)
1259 3952 1312 4020 cale

277 4016 378 4109 ἄγυιᾶἒ
392 4019 504 4110 salsole
514 4020 644 4108 aqaddqoe
657 4022 781 4109 dirasduras,⁸
790 4023 965 4111 samongeia·
974 4043 1039 4080 asan
1054 4026 1177 4093 πορίζειν
1191 4029 1252 4088 τοῖς
1264 4028 1311 4080 lo-

273 4107 382 4215 tte*
398 4090 716 4233 sentence.
732 4094 887 4221 {nes
904 4092 1176 4233 *sse-ern,
1203 4093 1309 4216 ³333:

277 4227 596 4353 dadraeerdirdlregom
615 4232 833 4307 disputationum
853 4232 977 4291 Cabaslla
994 4238 1068 4289 extat
1083 4232 1157 4288 llist.
1180 4231 1226 4288 lib.
1239 4244 1310 4287 xm.
