3017 4742
257 305 354 356 mu
464 288 699 361 NlCEPHORl
722 287 963 359 GREGORAE
982 288 1161 359 ELOGIA.

256 462 374 529 autam,
394 448 447 512 ati
474 446 687 530 philosophum
701 444 728 528 ¹)
749 448 790 509 at
801 448 890 509 illum
904 449 989 509 euius
1011 447 1188 530 iampridem
1207 445 1355 508 desiderio

258 538 377 599 arsisset
392 536 562 613 migravisse
578 532 741 615 comperit,
766 554 835 595 cum
850 543 880 594 et
894 534 956 615 ipse
972 532 1002 609 ὓ)
1024 534 1115 594 sciret
1137 543 1259 593 tuorum
1270 554 1358 629 'ope-

257 644 328 685 rum
342 621 489 683 fervidum
504 640 551 679 nae
568 629 746 695 amatorem,
769 641 805 679 ac
818 640 858 696 se
880 640 905 677 ss
895 618 1030 679 librum
1046 620 1175 697 afferret,
1196 617 1357 678 maximam

258 727 337 768 ame
356 706 480 785 gretiam
501 705 663 781 initurum,
684 704 798 765 illum
789 724 889 783 ipsum
905 704 1016 764 librum
1032 706 1155 765 allatum
1171 700 1246 762 milri
1261 702 1359 762 trati-

222 848 228 862 .
258 792 321 869 dit,
348 802 378 851 et
400 790 501 852 verbis
525 810 668 873 perquam
692 788 867 851 honorificis
889 789 1075 868 alloquutus,
1106 788 1209 869 accipe
1229 781 1357 869 (iuquit)

260 898 334 957 quas
359 876 476 937 amabas
493 875 655 955 orationes.
697 877 754 935 Pro
778 894 837 954 qno
860 874 1103 972 muneregratias
1116 896 1142 933 er
1134 872 1360 956 persolvimus

224 1022 228 1032 ,
257 981 451 1042 neoparvas,
472 980 528 1019 nea
547 979 675 1057 quarum
692 958 780 1019 illum
801 958 976 1040 poeniteret.
1017 962 1065 1019 Ex
1090 960 1144 1019 illo
1168 957 1266 1018 nostri
1284 958 1360 1018 iate

259 1068 369 1107 amone
379 1066 427 1105 vas
438 1066 543 1123 magna
559 1044 675 1119 extitit,
698 1065 716 1104 ο
740 1049 847 1125 ingena
856 1045 962 1126 gloria
969 1045 1134 1106 ΛοΙιὶναιιι.
1177 1044 1360 1105 Graecorum

260 1132 371 1213 quippe
385 1141 420 1190 tu
432 1129 545 1210 gloria3
563 1128 623 1191 nisi
639 1128 743 1227 potius
761 1150 865 1190 eorum
879 1130 980 1211 pudor
1000 1150 1030 1190 es
1046 1140 1076 1190 et
1092 1130 1197 1205 dolor,
1219 1150 1255 1189 eo
1279 1128 1361 1210 quod

257 1218 327 1279 illos
343 1214 545 1296 superaveris,
567 1214 619 1295 qui
637 1214 873 1314 ineloquentiae
892 1215 991 1277 studio
1006 1224 1132 1275 aetatem
1152 1234 1270 1275 omnem
1287 1234 1361 1273 con-

259 1303 418 1363 triverunt.
460 1300 521 1360 Nos
543 1310 623 1359 certe
645 1298 668 1359 ii
692 1300 815 1361 minime
836 1322 939 1360 sumus
961 1300 1083 1383 [quibus
1104 1300 1250 1382 pudorem
1269 1298 1362 1359 simul

260 1384 453 1465 doloremque
467 1405 500 1445 ea
514 1405 547 1445 re
560 1382 689 1467 afferas}
728 1385 823 1445 Immo
835 1407 908 1446 vero
919 1386 1113 1465 gratulamur,
1126 1405 1162 1443 ac
1173 1380 1362 1466 triumphum

261 1470 299 1531 de
320 1470 459 1533 omnibus
477 1469 684 1531 lubentissime
697 1471 752 1531 uni
769 1471 825 1530 tibi
840 1471 1036 1533 decernimus.
1077 1471 1118 1531 At
1132 1492 1158 1529 ss
1150 1468 1206 1529 id
1218 1479 1282 1529 tute
1297 1470 1363 1549 ipae

260 1576 386 1634 aequam
395 1555 585 1633 sudamvems
595 1554 740 1617 iudicabis
747 1566 855 1632 autem
869 1567 904 1618 ut
915 1577 1014 1636 spero,
1029 1576 1156 1636 aequum
1171 1574 1244 1632 esse,
1257 1575 1296 1614 ne
1309 1554 1363 1635 qui

261 1640 459 1712 siotueemet,
471 1661 505 1698 so
507 1602 1363 1721 luscingentePelasgaIndonntuseatlitterisquecareat,

261 1744 355 1805 quae,
376 1746 439 1785 non
452 1725 550 1786 solum
564 1726 601 1785 ad
612 1725 686 1785 alios
701 1725 754 1785 sed
773 1727 812 1787 ad
829 1747 897 1786 eum
913 1728 1002 1787 etiem
1017 1726 1162 1807 scriptae,
1182 1724 1240 1806 ipsi
1255 1722 1363 1785 sintin

262 1806 406 1887 deliciis),
429 1809 468 1869 ad
482 1830 538 1869 nos
552 1830 670 1890 quoque
687 1809 904 1891 scripturaram,
926 1820 962 1870 ut
976 1813 1139 1872 nesrustra
1153 1810 1365 1871 emarevidea-

261 1913 340 1953 mur
383 1893 511 1965 Quodsi
527 1913 597 1972 ego,
616 1895 687 1955 li'cet
700 1916 822 1956 aureum
837 1906 929 1974 caput
942 1905 1025 1958 tuum
1039 1898 1173 1957 nondum
1186 1896 1363 1976 aspexerim‚

261 1997 319 2041 nee
343 1977 465 2036 aliunde
487 1976 543 2036 sim
563 1980 651 2038 valde
672 1989 781 2057 notus,
802 1980 998 2042 nihilominus
1020 1990 1121 2041 temen
1139 1979 1179 2040 ad
1204 1989 1235 2039 te
1253 1980 1364 2059 scribo,
1423 2032 1426 2039 .

261 2059 295 2121 id
313 2070 347 2121 tu
361 2080 399 2120 ne
411 2060 553 2121 audaciae
566 2062 619 2123 sed
632 2064 740 2123 amoris
754 2085 817 2125 esse
832 2066 930 2129 ducas.
975 2067 1129 2127 Caeterum
1142 2065 1283 2146 quoniam
1298 2064 1367 2126 assi·

262 2168 329 2210 mus
347 2146 467 2225 corpori
479 2156 627 2225 praestat,
648 2148 770 2209 meliore
786 2150 893 2231 utique
906 2150 1003 2211 nostri
1018 2162 1104 2233 parte
1122 2163 1223 2215 tecum
1242 2171 1364 2230 sumus5

263 2230 410 2313 siquidem
419 2231 518 2294 foetus
530 2233 638 2293 mentis
654 2232 742 2295 estid
758 2235 840 2314 quod
854 2234 1008 2299 scribitur.

569 2382 626 2448 Vl.
648 2383 843 2452 Philotlseus
863 2386 984 2453 iterum
1009 2386 1046 2470 ³).

346 2499 553 2609 ὈΓρηγορᾶς
569 2500 746 2610 Νικηφόρυς
765 2506 818 2571 καὶ
837 2503 930 2571 πάλαι
947 2498 1042 2586 μὲν
1018 2530 1060 2589 ην
1072 2508 1288 2615 προσκείμενος
1297 2532 1368 2585 ταις

263 2588 320 2649 τοῦ
346 2583 499 2691 Βαρλαᾶμ
509 2586 561 2651 καὶ
582 2584 763 2657 Ἀκινδόνου
782 2598 889 2667 κακαῖς
911 2587 1018 2668 δόξαις
1054 2590 1104 2657 διδ
1124 2594 1176 2657 sol
1193 2588 1368 2702 ἐπηρεάζων

263 2662 306 2749 ἦν
327 2694 362 2756 sp
350 2666 541 2754 όρθοδόξῳ
517 2698 618 2737 οιτον
607 2676 714 2739 θεοῦ
730 2675 890 2778 ἐκκλησίᾳ,
912 2678 941 2741 εἰ
954 2676 1008 2741 καὶ
1020 2672 1124 2760 λαθρα
1138 2677 1269 2753 τέως
1221 2703 1273 2743 και
1274 2675 1369 2784 πρῦς

267 2752 384 2859 ὀλίγους
405 2757 499 2820 ἐποίει
521 2763 625 2838 τοῦτο,
645 2784 717 2836 τους
728 2780 908 2845 προσιοντας
923 2758 1019 2849 αὐτῷ·
1040 2762 1094 2827 καὶ
1108 2787 1184 2845 προς
1193 2787 1248 2827 ιον
1264 2758 1370 2845 ῦρθοῦ

265 2836 359 2923 λόγου
376 2838 544 2923 προστάτας
559 2849 659 2919 κακοῖς
673 2840 757 2909 πάνυ
774 2844 908 2911 διέκειτο.
928 2853 984 2929 τῆς
983 2826 1040 2911 δὲ
1061 2850 1229 2923 τελευταίας
1242 2870 1369 2931 συγκρο-

265 2927 411 3029 ιηθείσης
430 2926 546 3009 ἐκείνης
564 2926 710 3009 συνόδου,
730 2924 770 3011 ἧς
789 2926 1026 3012 προεκάθηιο”
1007 2956 1067 3009 ο,ιε
1089 2928 1296 3014 εὐσεβέστατος
1313 2933 1368 2998 καὶ

267 3006 458 3113 φιλόχρισιος
481 3012 630 3108 βασιλεῦς
641 3020 740 3117 κῦρος
757 3012 933 3098 Ἰωάννης
912 3043 930 3081 ο
947 3016 1198 3100 Κανιακονζηνδς
1214 3016 1298 3082 sul
1281 3044 1369 3083 oasa·

266 3090 407 3201 sprottus
430 3098 544 3174 ἐκεῖνος
566 3095 660 3179 κῦρος
690 3094 869 3179 Κάλλιστος,
894 3101 960 3167 luel
976 3102 1029 3165 καὶ
1049 3107 1220 3211 Γρηγορῦς,
1242 3104 1288 3178 εἰς
1310 3127 1369 3183 την

268 3175 367 3287 ἱεράν
377 3180 496 3286 ἐκείνην
519 3180 650 3249 σῦνοδον
663 3184 844 3295 παρελθόν,
867 3186 1030 3291 ἐξηλέγχθη
1045 3185 1102 3252 σῦν
1117 3196 1181 3263 τοῖς
1191 3180 1370 3293 όμόφροσιν

269 3260 367 3326 αῦιοῦ
387 3288 424 3326 τα
416 3261 584 3349 Βαρλαάμ
600 3294 631 3335 τε
653 3271 707 3334 καὶ
727 3266 906 3335 Ἀκινδῦνον
919 3278 1037 3351 νοσῶν,
1060 3275 1103 3347 ele
1119 3296 1151 3337 τε
1164 3298 1221 3353 την
1238 3268 1371 3352 θεότηκα

268 3352 324 3411 τοῦ
344 3358 530 3457 μονογενοῦς
541 3356 614 3418 υἱοῦ
626 3380 679 3419 του
667 3360 777 3420 ’θεοῦ
789 3355 891 3419 nal
854 3381 911 3437 την
925 3354 1059 3439 φοοιιιην
1075 3363 1129 3439 τῆς
1145 3354 1266 3464 τριάδος
1286 3358 1370 3461 ἐνέρ-

268 3456 369 3537 ηειαν
370 3432 482 3498 καθ’
444 3461 532 3520 χαριν
555 3439 608 3502 καὶ
629 3441 776 3521 illapsura
789 3437 914 3505 κάκιστα
912 3447 1130 3551 βλασφημῶν,
1150 3438 1257 3506 καθ’
1218 3468 1255 3507 oo
1272 3438 1371 3525 μόνον

266 3524 331 3592 τοῖς
349 3510 483 3625 ἄρχαίοις
495 3522 654 3603 αἱρετικοῖς
669 3522 772 3605 σχεδόν
786 3522 1025 3636 salaminiis
1039 3528 1091 3591 sal
1103 3535 1169 3603 ταῖς
1183 3526 1371 3611 Ἑλληνικαῖς

268 3600 575 3711 συμπεριφερόμενος
584 3604 713 3684 πλάναις
730 3610 787 3673 καὶ
806 3574 923 3687 δόξόιις·
952 3609 1033 3676 δι’
1020 3640 1040 3676 α
1034 3608 1101 3693 δή
1124 3637 1187 3679 που
1210 3614 1294 3696 παρα
1314 3622 1371 3697 τῆς

270 3687 352 3771 ἶερῦς
368 3687 484 3772 ἐκείνης
499 3686 630 3757 συνόδου
648 3718 739 3769 αυιος
748 3720 781 3759 τε
795 3695 848 3759 καὶ
865 3698 922 3760 ol‘
907 3693 1071 3778 ομόφρονες
1085 3694 1196 3776 αῦτοῦ,
1204 3725 1262 3804 μη
1274 3724 1372 3804 μετα-

268 3772 463 3857 μεληθὲνυες,
484 3782 541 3841 τοῦ
561 3774 760 3885 πληροόμαιος
784 3786 848 3845 νῦν
865 3776 1047 3891 όρθοδόξιιν
1071 3788 1172 3858 καλοῖς
1193 3778 1371 3891 άπετμῦθη-

269 3879 327 3923 σαν
338 3858 390 3925 snt
405 3884 445 3947 τρι
433 3854 629 3967 άναθὲμαιι
637 3860 854 3976 παρεδόθησαν
869 3866 945 3932 κατά
956 3866 993 3931 τά
1011 3893 1141 3949 πατρικα
1133 3864 1209 3931 καὶ
1222 3864 1372 3932 σονοδιιιά

269 3938 389 4027 θεσμά·
411 3925 512 4012 sel
468 3972 572 4031 ,ιομου
592 3946 812 4053 προβάντος
777 3976 811 4016 το
828 3958 993 4034 οηνικαῦια
1007 3950 1228 4029 σονοδικοῦ,“
1209 3977 1248 4015 ον
1262 3951 1301 4033 δη
1317 3979 1373 4016 και

182 4074 192 4087 .
270 4028 412 4116 βασιλεῦς
429 4032 482 4101 sot
503 4029 689 4122 πατριάρχης
711 4035 826 4116 ἐκεῖνος
846 4036 939 4121 καῑη
953 4042 1014 4101 τοῖν
1026 4032 1197 4123 ἱερωτάτην
1208 4033 1373 4122 α’ρχιερέαν

306 4214 337 4283 1)
360 4212 502 4286 Iosephus.
570 4218 602 4287 2)
625 4217 686 4273 Noa
698 4219 782 4277 minus
798 4216 898 4279 eoiliost
910 4237 987 4294 quem
999 4223 1152 4289 Btlmuss
1167 4221 1202 4279 ¹¹0
1213 4236 1265 4293 ΨΟ
1280 4237 1371 4292 sulm·

338 4282 370 4353 a)
387 4284 453 4342 coa
464 4289 531 4360 ιιι.
550 4288 626 4349 teos.
642 4290 689 4347 su.
706 4291 732 4349 ι.
