3017 4742
384 278 621 353 NIGEPHORI
641 278 882 353 GREGORAE
901 282 1022 353 vira
1152 298 1266 361 mm

168 462 226 505 non
245 440 321 503 itan
335 439 479 523 episeopo
490 440 574 521 Tyri,
586 441 639 521 qui
652 440 779 501 ultimae
790 440 915 501 sessioni
924 440 1009 503 bend
1021 441 1169 509 interfuit.
1191 448 1266 509 Gra.

163 547 251 608 garae
278 527 423 607 discipuli
447 526 499 585 alii
518 526 551 585 in
572 527 720 586 custodias
742 526 820 604 dati,
843 526 895 585 alii
910 547 1027 587 ornnem
1041 550 1111 590 cum
1125 534 1265 611 magistro

164 613 416 674 consuetudinem
438 610 535 671 coacti
554 612 677 675 durare.
722 611 869 691 Gregoras
889 620 989 673 tamen
1003 613 1067 694 ipse
1081 617 1169 676 nullo
1183 619 1266 679 dicto

165 699 312 775 violans;
335 699 388 758 sed
409 695 438 756 ei
458 696 565 757 etaliis
580 696 758 777 quibusdam
778 698 865 757 facile
880 698 1056 777 permissum
1071 701 1267 778 est,don1um
1310 762 1316 773 ,

166 794 203 843 ut
214 782 337 847 abirent.
381 783 494 842 Tomus
509 783 673 862 synodicus
686 780 711 862 ¹)
734 803 798 842 nou
810 782 921 857 statim,
942 784 994 844 sed
1008 795 1078 864 post
1089 787 1164 847 duos
1177 807 1267 848 men-

168 890 215 929 ses
238 868 446 949 promulgatus
462 864 501 949 ²).
542 868 749 947 subscripsere
769 868 983 948 Imperatores,
1008 869 1134 931 Ioannes
1153 873 1265 933 Canta-

170 974 313 1030 cuaenns,
335 963 365 1013 et
379 953 445 1013 eius
458 972 548 1031 gener
566 952 692 1013 Ioannes
705 954 911 1031 Palaeologus5
933 962 999 1013 tum
1012 954 1152 1016 Callistus
1165 958 1266 1038 patri-

169 1038 268 1116 arcba,
289 1048 322 1097 et
345 1038 397 1097 alii
409 1036 567 1119 pontifices
580 1036 617 1121 ³).
645 1038 736 1098 Paulo
750 1048 821 1121 post
832 1034 862 1124 ⁴)
890 1040 1123 1120 Cantacuaenus,
1141 1053 1265 1124 sumpto

168 1124 249 1185 omni
264 1133 373 1185 ornatu
389 1123 594 1204 imperatorio,
609 1123 699 1203 adyta
712 1124 873 1205 ingressus,
894 1124 1021 1184 Tomum
1033 1126 1119 1185 illum
1131 1128 1264 1209 propriis

166 1208 306 1269 manibus
335 1218 452 1287 gestans
478 1208 564 1269 altari
585 1209 743 1289 imposuit,
779 1207 930 1268 Palamitia
957 1210 1206 1290 applaudentibus
1235 1222 1267 1273 et

167 1294 277 1353 finium
296 1294 414 1375 Imperii
444 1294 688 1374 propagationem
720 1293 759 1353 ob
778 1294 858 1354 illud
877 1292 1018 1354 meritum
1041 1297 1266 1380 spondentibus.

171 1379 331 1459 Gregoras,
355 1378 457 1439 statim
477 1388 513 1439 ut
535 1378 650 1439 audivit
674 1378 832 1439 Palamitas
857 1380 1078 1457 Cantacuzeno‚
1100 1383 1267 1444 siTomum

168 1484 342 1525 suumnovo
352 1464 405 1523 illo
415 1474 443 1523 et
452 1462 597 1524 inusitato
605 1464 668 1525 ritu
681 1473 875 1540 consecraret,
886 1466 984 1526 fausta
998 1466 1096 1525 omnia
1108 1468 1268 1549 promisis-

167 1570 211 1627 se,
229 1554 334 1627 irenae,
348 1548 454 1629 iuquit,
468 1570 539 1607 cum
553 1548 690 1609 videritis
698 1550 954 1609 abominationem
966 1549 1165 1610 desolationis
1178 1564 1266 1612 stan·

167 1638 274 1698 tamin
295 1636 500 1712 locosancto,
524 1638 692 1714 cognoscite
717 1638 864 1715 quoniam
886 1639 1150 1715 appropinquavit
1175 1637 1266 1697 deso-

170 1722 248 1779 tatio
264 1720 385 1799 Imperii
396 1722 533 1779 Romani
548 1718 590 1803 ⁵).
615 1720 712 1800 Atque
723 1719 804 1779 hanc
816 1719 881 1780 eius
895 1720 1130 1799 praedictionem
1142 1731 1267 1781 eventus

172 1824 277 1865 veram
293 1804 381 1862 luisse
391 1805 606 1884 comprobavit,
626 1805 779 1885 praeclara
795 1812 894 1862 autem
912 1802 1123 1862 Palamitarum
1138 1805 1269 1883 promis-

176 1909 209 1948 sa
232 1890 271 1949 ad
291 1888 414 1949 nibilum
434 1890 618 1951 reciderunt.
663 1888 709 1947 0b
728 1909 793 1947 eam
817 1906 898 1962 rem,
919 1886 992 1944 item
1012 1885 1084 1946 alias
1101 1888 1139 1947 ob
1153 1908 1268 1967 causas,

173 1974 323 2034 silentium
343 1974 515 2053 impositum
540 1974 687 2051 Gregorae
717 1972 897 2050 caeterisque
919 1968 1107 2032 orthodoxis.
1147 1973 1266 2035 Horum

169 2059 292 2139 quidam
314 2079 456 2139 paruere:
478 2058 544 2133 alii,
566 2058 649 2137 quod
670 2066 860 2117 contumaces
873 2065 986 2131 meent,
1007 2057 1041 2116 in
1060 2057 1267 2120 vinculacon-

167 2145 247 2206 iecti.
289 2144 472 2204 illustriores
499 2143 609 2202 inclusi
633 2142 696 2203 suis
714 2142 851 2223 ipsorum
873 2141 1011 2219 aedibus,
1037 2162 1078 2203 ue
1097 2164 1268 2226 quenquam

169 2229 281 2311 alloqui
293 2238 426 2311 possent.
469 2229 515 2287 lta
528 2238 611 2287 metu
628 2226 726 2287 coacti
743 2226 945 2288 obticueruut.

252 2348 293 2408 lt
307 2344 494 2427 Nicephorus
511 2347 657 2427 Gregoras
671 2367 710 2408 ua
721 2356 787 2411 tum
802 2346 926 2427 quidem
936 2345 1067 2425 lingum
1082 2348 1269 2411 calamumva

169 2433 341 2495 continuit:
363 2432 416 2491 sed
437 2432 557 2514 scriptis
576 2433 614 2493 ad
628 2433 845 2514 Trapezuntios
863 2441 894 2491 et
916 2431 955 2490 ad
972 2432 1098 2513 Cyprios
1115 2435 1226 2495 amicos
1240 2434 1268 2514 θ)

167 2519 279 2581 litteris
301 2518 498 2598 Byzantium
520 2517 674 2577 ecclesiam
694 2517 1026 2599 perversae'doctrinae
1045 2521 1213 2597 accusavit,
1236 2530 1269 2581 et

171 2605 210 2664 ab
233 2624 284 2681 ea,
302 2604 388 2662 velut
408 2604 512 2663 morbo
535 2602 664 2681 insecta,
692 2613 730 2663 ut
750 2603 940 2677 secederent,
961 2622 1010 2662 eos
1030 2605 1267 2665 commonefecit.

173 2689 259 2763 Quin
272 2698 303 2748 et
313 2688 467 2767 Principes
479 2688 563 2767 ipsos
578 2688 730 2749 criminari
744 2706 832 2748 ausus
845 2696 899 2747 est.
942 2686 1142 2760 Quamobrem
1153 2690 1191 2765 ei,
1213 2690 1269 2747 do·

171 2794 243 2834 mus
267 2794 338 2833 snae
351 2772 514 2852 parietibus
529 2783 614 2853 septo
629 2784 658 2835 et
673 2774 808 2849 incluso,
830 2772 969 2832 custodes
983 2772 1124 2838 monachi
1138 2773 1272 2852 appositi

170 2869 253 2919 aunt.
294 2858 441 2918 Nimirum
455 2859 517 2932 ille,
539 2859 594 2919 etsi
606 2858 739 2919 habitum
753 2859 925 2937 religiosum
938 2877 1002 2915 non
1012 2857 1114 2915 induit
1127 2858 1186 2917 nisi
1197 2852 1271 2939 post

171 2964 285 3005 annum
299 2944 405 3003 aetatis
421 2943 697 3023 quinquagesimum
710 2953 840 3018 sextum,
864 2952 964 3002 tamen
977 2942 1058 3022 apud
1071 2941 1185 3005 Choras
1200 2963 1270 3001 mo-

170 3028 287 3091 nachos
297 3028 486 3089 domicilium
505 3030 564 3089 sibi
579 3030 740 3089 admodum
756 3027 873 3088 iuvenis
888 3027 1099 3104 constituerat,
1120 3048 1156 3086 ac
1173 3026 1270 3090 Theo-

171 3115 249 3175 doro
269 3113 462 3190 lletoohitae,
482 3114 597 3173 utiam
620 3116 734 3175 dictum
754 3123 808 3188 eat,
838 3112 1060 3171 commendatae
1080 3112 1143 3172 eius
1160 3133 1271 3173 mona·

171 3199 257 3260 aterii
277 3199 544 3259 administrationis
557 3200 671 3261 socium
687 3219 718 3259 se
733 3207 763 3259 et
777 3198 925 3259 monrium
940 3197 1103 3258 addiderat.
1144 3197 1227 3272 Quin
1241 3207 1272 3259 et

170 3294 294 3346 mortno
315 3294 498 3344 successerat
518 3284 551 3343 in
573 3282 817 3365 procurationem
837 3292 868 3342 et
891 3283 1147 3343 conservationem
1170 3303 1273 3344 rerum

173 3370 307 3430 eiusdem
330 3369 467 3429 coenobii
485 3370 723 3450 praecipuarum.
766 3369 899 3429 Habebat
921 3368 1024 3447 itaque
1043 3368 1077 3427 in
1091 3369 1271 3429 monasterio

173 3455 331 3536 propriam
357 3464 387 3514 et
412 3454 448 3513 ab
461 3456 526 3513 aliia
540 3466 704 3536 separatam
716 3456 837 3532 domum
846 3476 855 3530 ;
876 3453 1019 3512 humilem
1044 3453 1163 3532 quidem
1175 3455 1271 3531 illam,

175 3549 209 3601 et
223 3539 305 3599 nulla
318 3539 365 3601 sui
378 3540 538 3621 pomerias
552 3542 690 3624 publicas
704 3541 907 3621 attingentem,
928 3538 954 3599 ai
965 3536 1152 3620 patriarchae
1166 3538 1273 3600 Philo-

125 3814 128 3825 .
213 3754 1067 3885 >rs
1081 3752 1274 3893 ses

244 3904 356 3965 pserunt
375 3849 699 3969 metropolitanigupropria
720 3901 822 3969 quiden
847 3915 924 3953 manu
948 3895 1042 3967 viginti
1064 3893 1191 3963 quiuqne3
1222 3891 1273 3945 duo

246 3973 332 4018 antem
357 3966 405 4022 dari
422 3972 547 4037 γνωμῶν.
581 3970 719 4023 latuerunt
735 3975 872 4037 praeterea
895 3966 1056 4037 episcopias
1074 3972 1140 4023 tems
1163 3966 1194 4013 nt
1213 3977 1276 4015 0011·

244 4038 347 4087 stater
364 4038 592 4107 subscriptionibus
611 4037 801 4111 pseudosynodi
819 4036 1000 4098 Palamiticae‚
1024 4050 1040 4084 a
1090 4028 1205 4082 mballsio
1220 4029 1276 4083 edi-

243 4110 296 4155 tae.
340 4104 437 4159 Tamen
467 4108 601 4190 Gregorar
627 4108 692 4160 duos
714 4114 813 4159 tantum
836 4113 864 4159 ct
881 4105 977 4175 viginti
998 4099 1135 4155 mussites
1156 4100 1276 4153 affimat.

243 4170 274 4239 4)
286 4172 395 4242 Infesta
406 4176 602 4245 Assumptmnis.
659 4168 1063 4243 5)11tst.ttb.xxv.oap.ule
1115 4167 1146 4236 6)
1157 4168 1276 4240 Inprimis

244 4242 278 4293 ad
290 4243 433 4313 Georgium
450 4245 595 4316 Lapitham.
629 4244 689 4299 Vid.
703 4244 842 4302 caumana.
858 4244 930 4299 nist
945 4240 991 4293 lib·
1007 4252 1046 4291 tv.
1064 4255 1087 4292 ⁰·
1100 4236 1165 4295 24.-

222 4323 381 4395 naam
398 4330 510 4402 erige
544 4330 640 4385 retr.
1055 4331 1072 4368 ο
1180 4380 1188 4394 x
