<?xml version="1.0" encoding="UTF-8"?>
<!DOCTYPE html PUBLIC "-//W3C//DTD XHTML 1.0 Transitional//EN"
    "http://www.w3.org/TR/xhtml1/DTD/xhtml1-transitional.dtd">
<html xmlns="http://www.w3.org/1999/xhtml" xml:lang="en" lang="en">
 <head>
  <title>
</title>
<meta http-equiv="Content-Type" content="text/html;charset=utf-8" />
  <meta name='ocr-system' content='tesseract 3.04.00' />
  <meta name='ocr-capabilities' content='ocr_page ocr_carea ocr_par ocr_line ocrx_word'/>
</head>
<body>
  <div class='ocr_page' id='page_1' title='image "./nicephorigregor08schogoog_0067.png"; bbox 0 0 3017 4742; ppageno 0'>
   <div class='ocr_carea' id='block_1_1' title="bbox 392 303 1286 420">
    <p class='ocr_par' dir='ltr' id='par_1_1' title="bbox 392 195 1491 440">
     <span class='ocr_line' id='line_1_1' title="bbox 392 303 1286 420; baseline -0.005 -46"><span class='ocrx_word' id='word_1_1' title='bbox 392 303 629 374; x_wconf 82' lang='lat' dir='ltr'>NIOEPHORI</span> <span class='ocrx_word' id='word_1_2' title='bbox 650 303 890 420; x_wconf 78' lang='lat' dir='ltr'><strong>GREGORAE</strong></span> <span class='ocrx_word' id='word_1_3' title='bbox 912 305 1089 374; x_wconf 70' lang='lat' dir='ltr'>moute</span> <span class='ocrx_word' id='word_1_4' title='bbox 1175 319 1286 370; x_wconf 67' lang='lat' dir='ltr'><strong>tamn</strong></span> 
     </span>
    </p>
   </div>
   <div class='ocr_carea' id='block_1_2' title="bbox 177 457 1287 655">
    <p class='ocr_par' dir='ltr' id='par_1_2' title="bbox 177 457 1287 630">
     <span class='ocr_line' id='line_1_2' title="bbox 180 457 1287 572; baseline 0.003 -44"><span class='ocrx_word' id='word_1_5' title='bbox 180 461 244 545; x_wconf 71' lang='grc' dir='ltr'><strong><em>ἱεροὶ</em></strong></span> <span class='ocrx_word' id='word_1_6' title='bbox 266 459 401 538; x_wconf 69' lang='grc' dir='ltr'><strong><em>σύνοδος</em></strong></span> <span class='ocrx_word' id='word_1_7' title='bbox 423 459 607 566; x_wconf 67' lang='grc' dir='ltr'><strong><em>ν’πέγροψον</em></strong></span> <span class='ocrx_word' id='word_1_8' title='bbox 630 460 725 543; x_wconf 84' lang='grc' dir='ltr'><strong><em>όμου’</em></strong></span> <span class='ocrx_word' id='word_1_9' title='bbox 755 463 775 526; x_wconf 87' lang='lat' dir='ltr'>d</span> <span class='ocrx_word' id='word_1_10' title='bbox 796 467 952 545; x_wconf 76' lang='grc' dir='ltr'><strong><em>Γοηγορᾶς</em></strong></span> <span class='ocrx_word' id='word_1_11' title='bbox 969 459 1027 544; x_wconf 77' lang='grc' dir='ltr'><strong><em>τὴν</em></strong></span> <span class='ocrx_word' id='word_1_12' title='bbox 1042 457 1141 566; x_wconf 63' lang='grc' dir='ltr'><strong><em>ἧτταν</em></strong></span> <span class='ocrx_word' id='word_1_13' title='bbox 1160 465 1267 572; x_wconf 74' lang='grc' dir='ltr'>γαλ</span> <span class='ocrx_word' id='word_1_14' title='bbox 1209 492 1287 572; x_wconf 37' lang='grc' dir='ltr'><strong><em>..την</em></strong></span> 
     </span>
     <span class='ocr_line' id='line_1_3' title="bbox 177 543 1286 655; baseline 0.004 -42"><span class='ocrx_word' id='word_1_15' title='bbox 177 544 329 629; x_wconf 77' lang='grc' dir='ltr'><strong><em>αλσχόνην</em></strong></span> <span class='ocrx_word' id='word_1_16' title='bbox 351 574 395 629; x_wconf 89' lang='grc' dir='ltr'>μη</span> <span class='ocrx_word' id='word_1_17' title='bbox 388 544 582 655; x_wconf 36' lang='grc' dir='ltr'><strong><em>(γέρωνᾎ</em></strong></span> <span class='ocrx_word' id='word_1_18' title='bbox 561 573 625 630; x_wconf 85' lang='grc' dir='ltr'>αμα</span> <span class='ocrx_word' id='word_1_19' title='bbox 640 547 675 612; x_wconf 78' lang='lat' dir='ltr'>di</span> <span class='ocrx_word' id='word_1_20' title='bbox 692 548 744 612; x_wconf 75' lang='lat' dir='ltr'><strong>nat</strong></span> <span class='ocrx_word' id='word_1_21' title='bbox 770 547 832 612; x_wconf 71' lang='lat' dir='ltr'><strong>atat</strong></span> <span class='ocrx_word' id='word_1_22' title='bbox 851 553 912 612; x_wconf 77' lang='grc' dir='ltr'><strong><em>τῶν</em></strong></span> <span class='ocrx_word' id='word_1_23' title='bbox 928 543 1114 650; x_wconf 82' lang='grc' dir='ltr'><strong><em>όμοφρόνοιν</em></strong></span> <span class='ocrx_word' id='word_1_24' title='bbox 1130 546 1224 616; x_wconf 81' lang='grc' dir='ltr'><strong><em>αυτοῦ</em></strong></span> <span class='ocrx_word' id='word_1_25' title='bbox 1237 578 1286 617; x_wconf 84' lang='grc' dir='ltr'><strong><em>ιιι-</em></strong></span> 
     </span>
    </p>
   </div>
   <div class='ocr_carea' id='block_1_3' title="bbox 175 627 1348 3171">
    <p class='ocr_par' dir='ltr' id='par_1_3' title="bbox 175 627 1288 1056">
     <span class='ocr_line' id='line_1_4' title="bbox 176 627 1288 737; baseline 0.003 -41"><span class='ocrx_word' id='word_1_26' title='bbox 176 634 306 714; x_wconf 71' lang='grc' dir='ltr'><strong><em>νηθελς,</em></strong></span> <span class='ocrx_word' id='word_1_27' title='bbox 328 632 372 708; x_wconf 65' lang='lat' dir='ltr'>oio</span> <span class='ocrx_word' id='word_1_28' title='bbox 393 627 485 707; x_wconf 81' lang='grc' dir='ltr'><strong><em>αότός</em></strong></span> <span class='ocrx_word' id='word_1_29' title='bbox 509 633 624 708; x_wconf 71' lang='grc' dir='ltr'><strong><em>ἐκεῖνος</em></strong></span> <span class='ocrx_word' id='word_1_30' title='bbox 643 633 679 697; x_wconf 83' lang='grc' dir='ltr'><strong><em>έν</em></strong></span> <span class='ocrx_word' id='word_1_31' title='bbox 699 656 766 708; x_wconf 78' lang='grc' dir='ltr'><strong><em>τοις</em></strong></span> <span class='ocrx_word' id='word_1_32' title='bbox 776 635 900 706; x_wconf 76' lang='grc' dir='ltr'><strong><em>οἰκείοις</em></strong></span> <span class='ocrx_word' id='word_1_33' title='bbox 913 628 1015 737; x_wconf 86' lang='grc' dir='ltr'><strong><em>λόγοις</em></strong></span> <span class='ocrx_word' id='word_1_34' title='bbox 1029 635 1116 714; x_wconf 73' lang='grc' dir='ltr'><strong><em>φησὶ,</em></strong></span> <span class='ocrx_word' id='word_1_35' title='bbox 1139 634 1215 699; x_wconf 71' lang='lat' dir='ltr'>seed</span> <span class='ocrx_word' id='word_1_36' title='bbox 1232 643 1288 718; x_wconf 75' lang='grc' dir='ltr'>τοῖς</span> 
     </span>
     <span class='ocr_line' id='line_1_5' title="bbox 177 713 1287 825; baseline 0.001 -42"><span class='ocrx_word' id='word_1_37' title='bbox 177 715 315 783; x_wconf 77' lang='grc' dir='ltr'><strong><em>συνόδου</em></strong></span> <span class='ocrx_word' id='word_1_38' title='bbox 336 718 389 780; x_wconf 72' lang='lat' dir='ltr'><strong>ael</strong></span> <span class='ocrx_word' id='word_1_39' title='bbox 413 723 470 781; x_wconf 79' lang='grc' dir='ltr'>τοῦ</span> <span class='ocrx_word' id='word_1_40' title='bbox 492 713 631 800; x_wconf 78' lang='grc' dir='ltr'>έεροῦ’</span> <span class='ocrx_word' id='word_1_41' title='bbox 598 725 795 825; x_wconf 76' lang='grc' dir='ltr'><strong><em>τομονγονρεῖ</em></strong></span> <span class='ocrx_word' id='word_1_42' title='bbox 806 719 858 782; x_wconf 79' lang='grc' dir='ltr'>καλ</span> <span class='ocrx_word' id='word_1_43' title='bbox 873 723 1012 798; x_wconf 70' lang='grc' dir='ltr'><strong><em>πειρᾶται</em></strong></span> <span class='ocrx_word' id='word_1_44' title='bbox 1027 716 1128 800; x_wconf 82' lang='grc' dir='ltr'><strong><em>λόγοις</em></strong></span> <span class='ocrx_word' id='word_1_45' title='bbox 1143 723 1287 806; x_wconf 59' lang='lat' dir='ltr'>enatos—</span> 
     </span>
     <span class='ocr_line' id='line_1_6' title="bbox 175 798 1288 910; baseline 0.002 -42"><span class='ocrx_word' id='word_1_46' title='bbox 175 812 287 881; x_wconf 73' lang='grc' dir='ltr'><strong><em>τινοῖς,</em></strong></span> <span class='ocrx_word' id='word_1_47' title='bbox 308 801 350 878; x_wconf 71' lang='lat' dir='ltr'>oie</span> <span class='ocrx_word' id='word_1_48' title='bbox 365 801 652 908; x_wconf 75' lang='grc' dir='ltr'><strong><em>ένεῖνοςιλγιέλαβεν,</em></strong></span> <span class='ocrx_word' id='word_1_49' title='bbox 674 798 851 910; x_wconf 61' lang='lat' dir='ltr'>oleagineae</span> <span class='ocrx_word' id='word_1_50' title='bbox 865 803 973 870; x_wconf 84' lang='grc' dir='ltr'><strong><em>έκεῖνο.</em></strong></span> <span class='ocrx_word' id='word_1_51' title='bbox 1006 801 1208 910; x_wconf 79' lang='grc' dir='ltr'><strong><em>συγγράφεται</em></strong></span> <span class='ocrx_word' id='word_1_52' title='bbox 1222 809 1288 870; x_wconf 80' lang='lat' dir='ltr'><strong>rol-</strong></span> 
     </span>
     <span class='ocr_line' id='line_1_7' title="bbox 179 880 1288 994; baseline 0.002 -39"><span class='ocrx_word' id='word_1_53' title='bbox 179 915 240 955; x_wconf 85' lang='grc' dir='ltr'><strong><em>νυν</em></strong></span> <span class='ocrx_word' id='word_1_54' title='bbox 261 883 412 989; x_wconf 76' lang='grc' dir='ltr'><strong><em>λόγονςῆ</em></strong></span> <span class='ocrx_word' id='word_1_55' title='bbox 438 883 610 994; x_wconf 75' lang='grc' dir='ltr'><strong><em>διαλόγους</em></strong></span> <span class='ocrx_word' id='word_1_56' title='bbox 615 890 705 966; x_wconf 73' lang='grc' dir='ltr'><strong><em>δέκα,</em></strong></span> <span class='ocrx_word' id='word_1_57' title='bbox 727 885 783 964; x_wconf 70' lang='grc' dir='ltr'>οὓς</span> <span class='ocrx_word' id='word_1_58' title='bbox 797 880 973 970; x_wconf 75' lang='grc' dir='ltr'><strong><em>κατέχων</em></strong></span> <span class='ocrx_word' id='word_1_59' title='bbox 950 911 990 970; x_wconf 89' lang='grc' dir='ltr'><strong><em>ην</em></strong></span> <span class='ocrx_word' id='word_1_60' title='bbox 1004 913 1065 992; x_wconf 84' lang='grc' dir='ltr'>παρ</span> <span class='ocrx_word' id='word_1_61' title='bbox 1070 884 1213 976; x_wconf 75' lang='grc' dir='ltr'>’έαυτῷ,</span> <span class='ocrx_word' id='word_1_62' title='bbox 1234 892 1288 957; x_wconf 74' lang='lat' dir='ltr'>nui</span> 
     </span>
     <span class='ocr_line' id='line_1_8' title="bbox 181 966 1216 1056; baseline -0.001 -17"><span class='ocrx_word' id='word_1_63' title='bbox 181 982 246 1050; x_wconf 79' lang='grc' dir='ltr'><strong><em>τοῖς</em></strong></span> <span class='ocrx_word' id='word_1_64' title='bbox 264 966 433 1055; x_wconf 77' lang='grc' dir='ltr'><strong><em>όμόφμοσιν</em></strong></span> <span class='ocrx_word' id='word_1_65' title='bbox 447 969 610 1036; x_wconf 83' lang='grc' dir='ltr'>έαυιοῦ’</span> <span class='ocrx_word' id='word_1_66' title='bbox 573 996 677 1054; x_wconf 80' lang='grc' dir='ltr'><strong><em>μονοις</em></strong></span> <span class='ocrx_word' id='word_1_67' title='bbox 687 996 742 1036; x_wconf 82' lang='grc' dir='ltr'><strong><em>ναι</em></strong></span> <span class='ocrx_word' id='word_1_68' title='bbox 749 968 860 1038; x_wconf 76' lang='grc' dir='ltr'><strong><em>ὀἶνον</em></strong></span> <span class='ocrx_word' id='word_1_69' title='bbox 874 969 1132 1056; x_wconf 76' lang='grc' dir='ltr'><strong><em>ἐπιδεικνύμενος,</em></strong></span> <span class='ocrx_word' id='word_1_70' title='bbox 1158 986 1216 1038; x_wconf 77' lang='lat' dir='ltr'>ete·</span> 
     </span>
    </p>

    <p class='ocr_par' dir='ltr' id='par_1_4' title="bbox 176 1058 1348 3171">
     <span class='ocr_line' id='line_1_9' title="bbox 263 1058 1288 1143; baseline 0.006 -25"><span class='ocrx_word' id='word_1_71' title='bbox 263 1058 456 1138; x_wconf 83' lang='lat' dir='ltr'>Nicephorns</span> <span class='ocrx_word' id='word_1_72' title='bbox 474 1059 619 1136; x_wconf 79' lang='lat' dir='ltr'><strong>Gregoras</strong></span> <span class='ocrx_word' id='word_1_73' title='bbox 630 1059 778 1120; x_wconf 78' lang='lat' dir='ltr'><strong>Barlaami</strong></span> <span class='ocrx_word' id='word_1_74' title='bbox 793 1070 824 1119; x_wconf 88' lang='lat' dir='ltr'>et</span> <span class='ocrx_word' id='word_1_75' title='bbox 838 1059 993 1138; x_wconf 77' lang='lat' dir='ltr'>Acindyni</span> <span class='ocrx_word' id='word_1_76' title='bbox 1008 1060 1202 1140; x_wconf 73' lang='lat' dir='ltr'>opinionibus</span> <span class='ocrx_word' id='word_1_77' title='bbox 1214 1083 1288 1143; x_wconf 90' lang='lat' dir='ltr'>per-</span> 
     </span>
     <span class='ocr_line' id='line_1_10' title="bbox 178 1143 1287 1223; baseline 0.003 -18"><span class='ocrx_word' id='word_1_78' title='bbox 178 1143 275 1205; x_wconf 82' lang='lat' dir='ltr'>versis</span> <span class='ocrx_word' id='word_1_79' title='bbox 295 1145 357 1202; x_wconf 77' lang='lat' dir='ltr'>iam</span> <span class='ocrx_word' id='word_1_80' title='bbox 378 1143 450 1203; x_wconf 87' lang='lat' dir='ltr'>olim</span> <span class='ocrx_word' id='word_1_81' title='bbox 480 1143 723 1214; x_wconf 78' lang='lat' dir='ltr'><strong>adbaeresrebat‚</strong></span> <span class='ocrx_word' id='word_1_82' title='bbox 752 1153 842 1223; x_wconf 84' lang='lat' dir='ltr'>atque</span> <span class='ocrx_word' id='word_1_83' title='bbox 870 1144 985 1204; x_wconf 90' lang='lat' dir='ltr'>idcirco</span> <span class='ocrx_word' id='word_1_84' title='bbox 1013 1145 1213 1208; x_wconf 70' lang='lat' dir='ltr'><strong>orthodoxam</strong></span> <span class='ocrx_word' id='word_1_85' title='bbox 1232 1149 1287 1208; x_wconf 88' lang='lat' dir='ltr'>Dei</span> 
     </span>
     <span class='ocr_line' id='line_1_11' title="bbox 178 1229 1287 1312; baseline 0.005 -23"><span class='ocrx_word' id='word_1_86' title='bbox 178 1230 341 1290; x_wconf 85' lang='lat' dir='ltr'>ecclesiam</span> <span class='ocrx_word' id='word_1_87' title='bbox 365 1229 564 1306; x_wconf 68' lang='lat' dir='ltr'>obtrectabat,</span> <span class='ocrx_word' id='word_1_88' title='bbox 593 1231 666 1291; x_wconf 87' lang='lat' dir='ltr'>lieet</span> <span class='ocrx_word' id='word_1_89' title='bbox 693 1231 865 1290; x_wconf 77' lang='lat' dir='ltr'>eunonium</span> <span class='ocrx_word' id='word_1_90' title='bbox 892 1238 921 1289; x_wconf 90' lang='lat' dir='ltr'>et</span> <span class='ocrx_word' id='word_1_91' title='bbox 950 1231 1032 1310; x_wconf 87' lang='lat' dir='ltr'><strong>apud</strong></span> <span class='ocrx_word' id='word_1_92' title='bbox 1053 1251 1163 1312; x_wconf 85' lang='lat' dir='ltr'>paucos</span> <span class='ocrx_word' id='word_1_93' title='bbox 1192 1232 1231 1292; x_wconf 88' lang='lat' dir='ltr'><strong>ad</strong></span> <span class='ocrx_word' id='word_1_94' title='bbox 1254 1253 1287 1296; x_wconf 84' lang='lat' dir='ltr'>se</span> 
     </span>
     <span class='ocr_line' id='line_1_12' title="bbox 180 1276 1287 1396; baseline 0.003 -21"><span class='ocrx_word' id='word_1_95' title='bbox 180 1316 330 1376; x_wconf 84' lang='lat' dir='ltr'>adeuntes</span> <span class='ocrx_word' id='word_1_96' title='bbox 346 1313 379 1373; x_wconf 89' lang='lat' dir='ltr'>id</span> <span class='ocrx_word' id='word_1_97' title='bbox 399 1314 527 1390; x_wconf 86' lang='lat' dir='ltr'><strong>faceret;</strong></span> <span class='ocrx_word' id='word_1_98' title='bbox 550 1276 679 1396; x_wconf 85' lang='lat' dir='ltr'>denique</span> <span class='ocrx_word' id='word_1_99' title='bbox 700 1334 769 1394; x_wconf 82' lang='lat' dir='ltr'>erge</span> <span class='ocrx_word' id='word_1_100' title='bbox 791 1314 917 1375; x_wconf 84' lang='lat' dir='ltr'>sanioris</span> <span class='ocrx_word' id='word_1_101' title='bbox 939 1315 1094 1377; x_wconf 85' lang='lat' dir='ltr'>doctrinae</span> <span class='ocrx_word' id='word_1_102' title='bbox 1117 1317 1287 1380; x_wconf 84' lang='lat' dir='ltr'>defensores</span> 
     </span>
     <span class='ocr_line' id='line_1_13' title="bbox 182 1359 1287 1482; baseline 0.002 -21"><span class='ocrx_word' id='word_1_103' title='bbox 182 1401 263 1461; x_wconf 87' lang='lat' dir='ltr'><strong>male</strong></span> <span class='ocrx_word' id='word_1_104' title='bbox 275 1398 396 1459; x_wconf 89' lang='lat' dir='ltr'>omnino</span> <span class='ocrx_word' id='word_1_105' title='bbox 409 1408 474 1458; x_wconf 89' lang='lat' dir='ltr'><strong>erat</strong></span> <span class='ocrx_word' id='word_1_106' title='bbox 490 1359 623 1464; x_wconf 74' lang='lat' dir='ltr'>edoctus.</span> <span class='ocrx_word' id='word_1_107' title='bbox 666 1401 795 1472; x_wconf 79' lang='lat' dir='ltr'>Densum</span> <span class='ocrx_word' id='word_1_108' title='bbox 805 1409 907 1458; x_wconf 86' lang='lat' dir='ltr'><strong>coacta</strong></span> <span class='ocrx_word' id='word_1_109' title='bbox 920 1399 1080 1462; x_wconf 83' lang='lat' dir='ltr'>novissima</span> <span class='ocrx_word' id='word_1_110' title='bbox 1092 1403 1144 1462; x_wconf 86' lang='lat' dir='ltr'>ille</span> <span class='ocrx_word' id='word_1_111' title='bbox 1158 1404 1287 1482; x_wconf 79' lang='lat' dir='ltr'>synodo,</span> 
     </span>
     <span class='ocr_line' id='line_1_14' title="bbox 183 1477 1284 1578; baseline 0.003 -33"><span class='ocrx_word' id='word_1_112' title='bbox 183 1506 236 1545; x_wconf 86' lang='lat' dir='ltr'>cur</span> <span class='ocrx_word' id='word_1_113' title='bbox 226 1483 457 1566; x_wconf 80' lang='lat' dir='ltr'>praesidebant</span> <span class='ocrx_word' id='word_1_114' title='bbox 465 1477 705 1563; x_wconf 80' lang='lat' dir='ltr'>rebgsosrsermus</span> <span class='ocrx_word' id='word_1_115' title='bbox 729 1496 760 1545; x_wconf 84' lang='lat' dir='ltr'>et</span> <span class='ocrx_word' id='word_1_116' title='bbox 776 1506 878 1544; x_wconf 89' lang='lat' dir='ltr'><strong>amans</strong></span> <span class='ocrx_word' id='word_1_117' title='bbox 898 1483 1009 1546; x_wconf 76' lang='lat' dir='ltr'>Christi</span> <span class='ocrx_word' id='word_1_118' title='bbox 1025 1486 1190 1578; x_wconf 81' lang='lat' dir='ltr'><strong>Imperator</strong></span> <span class='ocrx_word' id='word_1_119' title='bbox 1201 1489 1284 1554; x_wconf 80' lang='lat' dir='ltr'>iloni.</span> 
     </span>
     <span class='ocr_line' id='line_1_15' title="bbox 179 1568 1286 1652; baseline 0.002 -22"><span class='ocrx_word' id='word_1_120' title='bbox 179 1571 307 1630; x_wconf 81' lang='lat' dir='ltr'>Ioannes</span> <span class='ocrx_word' id='word_1_121' title='bbox 328 1569 556 1631; x_wconf 66' lang='lat' dir='ltr'><strong>&amp;amanzenas</strong></span> <span class='ocrx_word' id='word_1_122' title='bbox 573 1571 642 1632; x_wconf 84' lang='lat' dir='ltr'>etis</span> <span class='ocrx_word' id='word_1_123' title='bbox 657 1571 791 1649; x_wconf 89' lang='lat' dir='ltr'>quitum</span> <span class='ocrx_word' id='word_1_124' title='bbox 813 1568 982 1652; x_wconf 85' lang='lat' dir='ltr'><strong>patriarcha</strong></span> <span class='ocrx_word' id='word_1_125' title='bbox 1004 1581 1068 1632; x_wconf 87' lang='lat' dir='ltr'><strong>erat</strong></span> <span class='ocrx_word' id='word_1_126' title='bbox 1085 1574 1170 1634; x_wconf 86' lang='lat' dir='ltr'><strong>Dom.</strong></span> <span class='ocrx_word' id='word_1_127' title='bbox 1195 1573 1286 1632; x_wconf 87' lang='lat' dir='ltr'><strong>Calli-</strong></span> 
     </span>
     <span class='ocr_line' id='line_1_16' title="bbox 182 1655 1286 1733; baseline 0 -17"><span class='ocrx_word' id='word_1_128' title='bbox 182 1667 265 1733; x_wconf 82' lang='lat' dir='ltr'>stus,</span> <span class='ocrx_word' id='word_1_129' title='bbox 284 1665 352 1714; x_wconf 87' lang='lat' dir='ltr'>tum</span> <span class='ocrx_word' id='word_1_130' title='bbox 373 1674 446 1716; x_wconf 80' lang='lat' dir='ltr'>vero</span> <span class='ocrx_word' id='word_1_131' title='bbox 463 1655 609 1733; x_wconf 81' lang='lat' dir='ltr'><strong>Gregoras</strong></span> <span class='ocrx_word' id='word_1_132' title='bbox 637 1665 667 1716; x_wconf 89' lang='lat' dir='ltr'>et</span> <span class='ocrx_word' id='word_1_133' title='bbox 690 1655 743 1716; x_wconf 89' lang='lat' dir='ltr'>alii</span> <span class='ocrx_word' id='word_1_134' title='bbox 759 1676 829 1716; x_wconf 87' lang='lat' dir='ltr'>eum</span> <span class='ocrx_word' id='word_1_135' title='bbox 844 1677 878 1715; x_wconf 89' lang='lat' dir='ltr'>eo</span> <span class='ocrx_word' id='word_1_136' title='bbox 894 1656 1070 1733; x_wconf 87' lang='lat' dir='ltr'>sentientes,</span> <span class='ocrx_word' id='word_1_137' title='bbox 1092 1658 1124 1718; x_wconf 92' lang='lat' dir='ltr'>in</span> <span class='ocrx_word' id='word_1_138' title='bbox 1138 1658 1222 1718; x_wconf 86' lang='lat' dir='ltr'><strong>illam</strong></span> <span class='ocrx_word' id='word_1_139' title='bbox 1235 1679 1286 1716; x_wconf 85' lang='lat' dir='ltr'>aa-</span> 
     </span>
     <span class='ocr_line' id='line_1_17' title="bbox 186 1738 1288 1820; baseline 0 -18"><span class='ocrx_word' id='word_1_140' title='bbox 186 1763 268 1802; x_wconf 83' lang='lat' dir='ltr'><strong>eram</strong></span> <span class='ocrx_word' id='word_1_141' title='bbox 280 1739 430 1820; x_wconf 79' lang='lat' dir='ltr'>synodum</span> <span class='ocrx_word' id='word_1_142' title='bbox 444 1740 586 1818; x_wconf 81' lang='lat' dir='ltr'>ingressi,</span> <span class='ocrx_word' id='word_1_143' title='bbox 609 1738 742 1802; x_wconf 76' lang='lat' dir='ltr'>convicti</span> <span class='ocrx_word' id='word_1_144' title='bbox 756 1751 828 1803; x_wconf 84' lang='lat' dir='ltr'>sant</span> <span class='ocrx_word' id='word_1_145' title='bbox 845 1761 983 1802; x_wconf 87' lang='lat' dir='ltr'><strong>errorum</strong></span> <span class='ocrx_word' id='word_1_146' title='bbox 995 1741 1143 1805; x_wconf 80' lang='lat' dir='ltr'><strong>Barlaami</strong></span> <span class='ocrx_word' id='word_1_147' title='bbox 1156 1743 1288 1802; x_wconf 79' lang='lat' dir='ltr'>ettcin-</span> 
     </span>
     <span class='ocr_line' id='line_1_18' title="bbox 191 1825 1288 1906; baseline 0.002 -21"><span class='ocrx_word' id='word_1_148' title='bbox 191 1827 280 1906; x_wconf 76' lang='lat' dir='ltr'>dyni:</span> <span class='ocrx_word' id='word_1_149' title='bbox 297 1844 401 1906; x_wconf 77' lang='lat' dir='ltr'>nenpe</span> <span class='ocrx_word' id='word_1_150' title='bbox 419 1825 455 1884; x_wconf 90' lang='lat' dir='ltr'>in</span> <span class='ocrx_word' id='word_1_151' title='bbox 466 1826 654 1887; x_wconf 85' lang='lat' dir='ltr'>divinitatem</span> <span class='ocrx_word' id='word_1_152' title='bbox 673 1825 821 1904; x_wconf 86' lang='lat' dir='ltr'>unigeniti</span> <span class='ocrx_word' id='word_1_153' title='bbox 841 1825 911 1886; x_wconf 84' lang='lat' dir='ltr'>Filii</span> <span class='ocrx_word' id='word_1_154' title='bbox 929 1825 997 1897; x_wconf 81' lang='lat' dir='ltr'>uei,</span> <span class='ocrx_word' id='word_1_155' title='bbox 1020 1835 1050 1886; x_wconf 84' lang='lat' dir='ltr'>et</span> <span class='ocrx_word' id='word_1_156' title='bbox 1068 1826 1101 1886; x_wconf 92' lang='lat' dir='ltr'>in</span> <span class='ocrx_word' id='word_1_157' title='bbox 1122 1828 1288 1887; x_wconf 77' lang='lat' dir='ltr'><strong>naturalem</strong></span> 
     </span>
     <span class='ocr_line' id='line_1_19' title="bbox 192 1909 1290 1992; baseline 0 -21"><span class='ocrx_word' id='word_1_158' title='bbox 192 1910 342 1971; x_wconf 75' lang='lat' dir='ltr'>Trinitatis</span> <span class='ocrx_word' id='word_1_159' title='bbox 351 1912 557 1991; x_wconf 83' lang='lat' dir='ltr'>operationem</span> <span class='ocrx_word' id='word_1_160' title='bbox 572 1912 758 1991; x_wconf 83' lang='lat' dir='ltr'><strong>gratiamque</strong></span> <span class='ocrx_word' id='word_1_161' title='bbox 773 1921 802 1970; x_wconf 84' lang='lat' dir='ltr'>et</span> <span class='ocrx_word' id='word_1_162' title='bbox 810 1909 999 1990; x_wconf 86' lang='lat' dir='ltr'>splendorem</span> <span class='ocrx_word' id='word_1_163' title='bbox 1014 1911 1290 1992; x_wconf 84' lang='lat' dir='ltr'>pessimeblaspbe-</span> 
     </span>
     <span class='ocr_line' id='line_1_20' title="bbox 186 1993 1290 2074; baseline 0.004 -20"><span class='ocrx_word' id='word_1_164' title='bbox 186 2005 318 2072; x_wconf 84' lang='lat' dir='ltr'>mantes,</span> <span class='ocrx_word' id='word_1_165' title='bbox 337 2016 375 2054; x_wconf 87' lang='lat' dir='ltr'>ac</span> <span class='ocrx_word' id='word_1_166' title='bbox 391 2016 456 2055; x_wconf 88' lang='lat' dir='ltr'>nou</span> <span class='ocrx_word' id='word_1_167' title='bbox 471 1997 563 2058; x_wconf 88' lang='lat' dir='ltr'>modo</span> <span class='ocrx_word' id='word_1_168' title='bbox 581 2006 719 2059; x_wconf 80' lang='lat' dir='ltr'>veterum</span> <span class='ocrx_word' id='word_1_169' title='bbox 741 1996 803 2058; x_wconf 83' lang='lat' dir='ltr'>fere</span> <span class='ocrx_word' id='word_1_170' title='bbox 826 1994 961 2055; x_wconf 88' lang='lat' dir='ltr'>omnium</span> <span class='ocrx_word' id='word_1_171' title='bbox 982 1993 1215 2074; x_wconf 81' lang='lat' dir='ltr'>haeretieorum,</span> <span class='ocrx_word' id='word_1_172' title='bbox 1237 1998 1290 2058; x_wconf 86' lang='lat' dir='ltr'>ssd</span> 
     </span>
     <span class='ocr_line' id='line_1_21' title="bbox 183 2080 1291 2164; baseline 0.004 -24"><span class='ocrx_word' id='word_1_173' title='bbox 183 2086 215 2140; x_wconf 87' lang='lat' dir='ltr'>et</span> <span class='ocrx_word' id='word_1_174' title='bbox 224 2081 385 2159; x_wconf 79' lang='lat' dir='ltr'>gentilium</span> <span class='ocrx_word' id='word_1_175' title='bbox 400 2082 552 2143; x_wconf 87' lang='lat' dir='ltr'>erroribus</span> <span class='ocrx_word' id='word_1_176' title='bbox 567 2081 820 2164; x_wconf 72' lang='lat' dir='ltr'>opinionibusque</span> <span class='ocrx_word' id='word_1_177' title='bbox 832 2089 944 2140; x_wconf 88' lang='lat' dir='ltr'>temere</span> <span class='ocrx_word' id='word_1_178' title='bbox 957 2080 1073 2162; x_wconf 86' lang='lat' dir='ltr'>abrepti</span> <span class='ocrx_word' id='word_1_179' title='bbox 1089 2092 1119 2143; x_wconf 84' lang='lat' dir='ltr'>et</span> <span class='ocrx_word' id='word_1_180' title='bbox 1132 2085 1216 2143; x_wconf 84' lang='lat' dir='ltr'>velut</span> <span class='ocrx_word' id='word_1_181' title='bbox 1231 2083 1291 2144; x_wconf 84' lang='lat' dir='ltr'>cir-</span> 
     </span>
     <span class='ocr_line' id='line_1_22' title="bbox 179 2167 1290 2250; baseline 0.005 -25"><span class='ocrx_word' id='word_1_182' title='bbox 179 2167 325 2228; x_wconf 82' lang='lat' dir='ltr'>cumacti.</span> <span class='ocrx_word' id='word_1_183' title='bbox 369 2167 572 2240; x_wconf 80' lang='lat' dir='ltr'><strong>Quamobrem</strong></span> <span class='ocrx_word' id='word_1_184' title='bbox 585 2189 669 2228; x_wconf 88' lang='lat' dir='ltr'><strong>sacra</strong></span> <span class='ocrx_word' id='word_1_185' title='bbox 683 2167 816 2247; x_wconf 82' lang='lat' dir='ltr'>synodus</span> <span class='ocrx_word' id='word_1_186' title='bbox 830 2167 929 2248; x_wconf 89' lang='lat' dir='ltr'>ipsum</span> <span class='ocrx_word' id='word_1_187' title='bbox 946 2175 976 2225; x_wconf 90' lang='lat' dir='ltr'>et</span> <span class='ocrx_word' id='word_1_188' title='bbox 992 2167 1099 2244; x_wconf 85' lang='lat' dir='ltr'>socios,</span> <span class='ocrx_word' id='word_1_189' title='bbox 1121 2167 1203 2228; x_wconf 89' lang='lat' dir='ltr'><strong>baud</strong></span> <span class='ocrx_word' id='word_1_190' title='bbox 1216 2189 1290 2250; x_wconf 87' lang='lat' dir='ltr'>poe-</span> 
     </span>
     <span class='ocr_line' id='line_1_23' title="bbox 177 2251 1290 2323; baseline 0.004 -13"><span class='ocrx_word' id='word_1_191' title='bbox 177 2251 333 2323; x_wconf 77' lang='lat' dir='ltr'>nitentes</span> <span class='ocrx_word' id='word_1_192' title='bbox 354 2252 391 2310; x_wconf 88' lang='lat' dir='ltr'>ab</span> <span class='ocrx_word' id='word_1_193' title='bbox 407 2252 550 2314; x_wconf 82' lang='lat' dir='ltr'>universe</span> <span class='ocrx_word' id='word_1_194' title='bbox 564 2253 811 2316; x_wconf 79' lang='lat' dir='ltr'>orthodoxorum</span> <span class='ocrx_word' id='word_1_195' title='bbox 819 2261 911 2311; x_wconf 85' lang='lat' dir='ltr'>coetu</span> <span class='ocrx_word' id='word_1_196' title='bbox 922 2252 988 2311; x_wconf 87' lang='lat' dir='ltr'>iure</span> <span class='ocrx_word' id='word_1_197' title='bbox 1007 2273 1041 2312; x_wconf 87' lang='lat' dir='ltr'>sc</span> <span class='ocrx_word' id='word_1_198' title='bbox 1052 2253 1160 2314; x_wconf 87' lang='lat' dir='ltr'>merito</span> <span class='ocrx_word' id='word_1_199' title='bbox 1175 2253 1290 2314; x_wconf 86' lang='lat' dir='ltr'><strong>abacis·</strong></span> 
     </span>
     <span class='ocr_line' id='line_1_24' title="bbox 177 2329 1348 2420; baseline 0.003 -24"><span class='ocrx_word' id='word_1_200' title='bbox 177 2359 228 2397; x_wconf 87' lang='lat' dir='ltr'>ses</span> <span class='ocrx_word' id='word_1_201' title='bbox 253 2335 413 2396; x_wconf 83' lang='lat' dir='ltr'><strong>anatliema</strong></span> <span class='ocrx_word' id='word_1_202' title='bbox 429 2358 491 2398; x_wconf 87' lang='lat' dir='ltr'>esso</span> <span class='ocrx_word' id='word_1_203' title='bbox 507 2337 611 2416; x_wconf 81' lang='lat' dir='ltr'>imsit,</span> <span class='ocrx_word' id='word_1_204' title='bbox 632 2348 725 2419; x_wconf 89' lang='lat' dir='ltr'>prout</span> <span class='ocrx_word' id='word_1_205' title='bbox 744 2340 866 2399; x_wconf 78' lang='lat' dir='ltr'><strong>Petrum</strong></span> <span class='ocrx_word' id='word_1_206' title='bbox 884 2337 1145 2420; x_wconf 83' lang='lat' dir='ltr'>Conciliorumque</span> <span class='ocrx_word' id='word_1_207' title='bbox 1162 2329 1290 2400; x_wconf 81' lang='lat' dir='ltr'>decretis</span> <span class='ocrx_word' id='word_1_208' title='bbox 1334 2382 1348 2413; x_wconf 75' lang='grc'>,</span> 
     </span>
     <span class='ocr_line' id='line_1_25' title="bbox 176 2421 1289 2508; baseline 0.002 -26"><span class='ocrx_word' id='word_1_209' title='bbox 176 2432 306 2483; x_wconf 84' lang='lat' dir='ltr'><strong>cautum</strong></span> <span class='ocrx_word' id='word_1_210' title='bbox 320 2432 407 2483; x_wconf 83' lang='lat' dir='ltr'>esset.</span> <span class='ocrx_word' id='word_1_211' title='bbox 437 2424 524 2484; x_wconf 84' lang='lat' dir='ltr'>Tunc</span> <span class='ocrx_word' id='word_1_212' title='bbox 535 2435 565 2484; x_wconf 89' lang='lat' dir='ltr'>st</span> <span class='ocrx_word' id='word_1_213' title='bbox 576 2423 740 2505; x_wconf 81' lang='lat' dir='ltr'>synodicus</span> <span class='ocrx_word' id='word_1_214' title='bbox 747 2423 858 2482; x_wconf 84' lang='lat' dir='ltr'>Tomus</span> <span class='ocrx_word' id='word_1_215' title='bbox 870 2421 996 2504; x_wconf 85' lang='lat' dir='ltr'>prodiit,</span> <span class='ocrx_word' id='word_1_216' title='bbox 1011 2423 1061 2483; x_wconf 85' lang='lat' dir='ltr'>eui</span> <span class='ocrx_word' id='word_1_217' title='bbox 1076 2433 1105 2482; x_wconf 86' lang='lat' dir='ltr'>et</span> <span class='ocrx_word' id='word_1_218' title='bbox 1114 2425 1289 2508; x_wconf 85' lang='lat' dir='ltr'><strong>Imperator,</strong></span> 
     </span>
     <span class='ocr_line' id='line_1_26' title="bbox 176 2506 1291 2590; baseline 0.002 -22"><span class='ocrx_word' id='word_1_219' title='bbox 176 2518 211 2569; x_wconf 87' lang='lat' dir='ltr'>et</span> <span class='ocrx_word' id='word_1_220' title='bbox 228 2508 284 2568; x_wconf 87' lang='lat' dir='ltr'>ille</span> <span class='ocrx_word' id='word_1_221' title='bbox 300 2529 392 2588; x_wconf 87' lang='lat' dir='ltr'>quem</span> <span class='ocrx_word' id='word_1_222' title='bbox 414 2508 479 2569; x_wconf 86' lang='lat' dir='ltr'>dixi</span> <span class='ocrx_word' id='word_1_223' title='bbox 492 2507 681 2590; x_wconf 84' lang='lat' dir='ltr'><strong>patriarcha,</strong></span> <span class='ocrx_word' id='word_1_224' title='bbox 704 2517 735 2568; x_wconf 90' lang='lat' dir='ltr'>et</span> <span class='ocrx_word' id='word_1_225' title='bbox 745 2506 1000 2568; x_wconf 81' lang='lat' dir='ltr'>sanctissimorum</span> <span class='ocrx_word' id='word_1_226' title='bbox 1014 2509 1192 2588; x_wconf 84' lang='lat' dir='ltr'>pontificum</span> <span class='ocrx_word' id='word_1_227' title='bbox 1206 2531 1291 2572; x_wconf 86' lang='lat' dir='ltr'><strong>saera</strong></span> 
     </span>
     <span class='ocr_line' id='line_1_27' title="bbox 178 2592 1291 2693; baseline 0.003 -39"><span class='ocrx_word' id='word_1_228' title='bbox 178 2594 331 2693; x_wconf 75' lang='lat' dir='ltr'>synodus,</span> <span class='ocrx_word' id='word_1_229' title='bbox 351 2615 414 2654; x_wconf 86' lang='lat' dir='ltr'>una</span> <span class='ocrx_word' id='word_1_230' title='bbox 430 2615 533 2655; x_wconf 87' lang='lat' dir='ltr'>omnes</span> <span class='ocrx_word' id='word_1_231' title='bbox 545 2593 798 2676; x_wconf 87' lang='lat' dir='ltr'>subscripserunt.</span> <span class='ocrx_word' id='word_1_232' title='bbox 842 2594 882 2652; x_wconf 76' lang='lat' dir='ltr'>At</span> <span class='ocrx_word' id='word_1_233' title='bbox 894 2593 1039 2671; x_wconf 83' lang='lat' dir='ltr'>Gregorss</span> <span class='ocrx_word' id='word_1_234' title='bbox 1053 2592 1134 2654; x_wconf 83' lang='lat' dir='ltr'><strong>hanc</strong></span> <span class='ocrx_word' id='word_1_235' title='bbox 1149 2595 1185 2655; x_wconf 91' lang='lat' dir='ltr'>de</span> <span class='ocrx_word' id='word_1_236' title='bbox 1200 2617 1231 2656; x_wconf 86' lang='lat' dir='ltr'>se</span> <span class='ocrx_word' id='word_1_237' title='bbox 1244 2595 1291 2657; x_wconf 82' lang='lat' dir='ltr'>vi-</span> 
     </span>
     <span class='ocr_line' id='line_1_28' title="bbox 182 2677 1292 2758; baseline 0.001 -18"><span class='ocrx_word' id='word_1_238' title='bbox 182 2681 359 2740; x_wconf 77' lang='lat' dir='ltr'>ctoriamet</span> <span class='ocrx_word' id='word_1_239' title='bbox 373 2680 502 2740; x_wconf 83' lang='lat' dir='ltr'>dedecus</span> <span class='ocrx_word' id='word_1_240' title='bbox 517 2702 579 2741; x_wconf 89' lang='lat' dir='ltr'>non</span> <span class='ocrx_word' id='word_1_241' title='bbox 596 2682 715 2758; x_wconf 82' lang='lat' dir='ltr'>serens,</span> <span class='ocrx_word' id='word_1_242' title='bbox 742 2678 830 2740; x_wconf 85' lang='lat' dir='ltr'>sociis</span> <span class='ocrx_word' id='word_1_243' title='bbox 844 2688 996 2758; x_wconf 83' lang='lat' dir='ltr'><strong>praeterea</strong></span> <span class='ocrx_word' id='word_1_244' title='bbox 1009 2677 1235 2758; x_wconf 78' lang='lat' dir='ltr'>instigantibus,</span> <span class='ocrx_word' id='word_1_245' title='bbox 1255 2689 1292 2740; x_wconf 87' lang='lat' dir='ltr'>ut</span> 
     </span>
     <span class='ocr_line' id='line_1_29' title="bbox 184 2724 1291 2865; baseline -0.003 -39"><span class='ocrx_word' id='word_1_246' title='bbox 184 2767 257 2846; x_wconf 82' lang='lat' dir='ltr'>ipse</span> <span class='ocrx_word' id='word_1_247' title='bbox 277 2769 310 2827; x_wconf 91' lang='lat' dir='ltr'>in</span> <span class='ocrx_word' id='word_1_248' title='bbox 332 2766 419 2827; x_wconf 86' lang='lat' dir='ltr'>libris</span> <span class='ocrx_word' id='word_1_249' title='bbox 442 2766 503 2845; x_wconf 86' lang='lat' dir='ltr'>ait,</span> <span class='ocrx_word' id='word_1_250' title='bbox 531 2766 679 2865; x_wconf 86' lang='lat' dir='ltr'>synodum</span> <span class='ocrx_word' id='word_1_251' title='bbox 702 2724 792 2826; x_wconf 81' lang='lat' dir='ltr'>iimul</span> <span class='ocrx_word' id='word_1_252' title='bbox 815 2773 843 2823; x_wconf 88' lang='lat' dir='ltr'>et</span> <span class='ocrx_word' id='word_1_253' title='bbox 865 2783 981 2824; x_wconf 80' lang='lat' dir='ltr'><strong>sermm</strong></span> <span class='ocrx_word' id='word_1_254' title='bbox 1001 2764 1128 2824; x_wconf 82' lang='lat' dir='ltr'>Tomutn</span> <span class='ocrx_word' id='word_1_255' title='bbox 1153 2765 1291 2846; x_wconf 83' lang='lat' dir='ltr'>aggredi-</span> 
     </span>
     <span class='ocr_line' id='line_1_30' title="bbox 183 2812 1292 2933; baseline 0 -21"><span class='ocrx_word' id='word_1_256' title='bbox 183 2863 253 2930; x_wconf 86' lang='lat' dir='ltr'>tur,</span> <span class='ocrx_word' id='word_1_257' title='bbox 278 2863 308 2914; x_wconf 86' lang='lat' dir='ltr'>et</span> <span class='ocrx_word' id='word_1_258' title='bbox 319 2812 504 2912; x_wconf 82' lang='lat' dir='ltr'>orationibui</span> <span class='ocrx_word' id='word_1_259' title='bbox 521 2849 594 2933; x_wconf 86' lang='lat' dir='ltr'>(ut</span> <span class='ocrx_word' id='word_1_260' title='bbox 585 2873 645 2933; x_wconf 80' lang='lat' dir='ltr'>ipss</span> <span class='ocrx_word' id='word_1_261' title='bbox 635 2846 828 2932; x_wconf 81' lang='lat' dir='ltr'>ridebatur)</span> <span class='ocrx_word' id='word_1_262' title='bbox 852 2847 1054 2910; x_wconf 85' lang='lat' dir='ltr'>antirrheticis</span> <span class='ocrx_word' id='word_1_263' title='bbox 1071 2860 1196 2910; x_wconf 89' lang='lat' dir='ltr'>conatur</span> <span class='ocrx_word' id='word_1_264' title='bbox 1210 2871 1292 2912; x_wconf 82' lang='lat' dir='ltr'>ever-</span> 
     </span>
     <span class='ocr_line' id='line_1_31' title="bbox 179 2933 1292 3018; baseline -0.002 -18"><span class='ocrx_word' id='word_1_265' title='bbox 179 2950 261 3000; x_wconf 87' lang='lat' dir='ltr'>tere.</span> <span class='ocrx_word' id='word_1_266' title='bbox 310 2936 482 2998; x_wconf 80' lang='lat' dir='ltr'>conscribit</span> <span class='ocrx_word' id='word_1_267' title='bbox 503 2935 604 3016; x_wconf 88' lang='lat' dir='ltr'>itaque</span> <span class='ocrx_word' id='word_1_268' title='bbox 638 2936 786 2996; x_wconf 87' lang='lat' dir='ltr'>orationes</span> <span class='ocrx_word' id='word_1_269' title='bbox 817 2955 871 2995; x_wconf 89' lang='lat' dir='ltr'>seu</span> <span class='ocrx_word' id='word_1_270' title='bbox 905 2933 1037 3014; x_wconf 84' lang='lat' dir='ltr'>dialogos</span> <span class='ocrx_word' id='word_1_271' title='bbox 1068 2933 1186 3014; x_wconf 84' lang='lat' dir='ltr'>decem,</span> <span class='ocrx_word' id='word_1_272' title='bbox 1213 2939 1292 3018; x_wconf 73' lang='lat' dir='ltr'>quos</span> 
     </span>
     <span class='ocr_line' id='line_1_32' title="bbox 180 3019 1293 3104; baseline 0 -20"><span class='ocrx_word' id='word_1_273' title='bbox 180 3023 272 3104; x_wconf 84' lang='lat' dir='ltr'><strong>apud</strong></span> <span class='ocrx_word' id='word_1_274' title='bbox 293 3045 327 3084; x_wconf 86' lang='lat' dir='ltr'>se</span> <span class='ocrx_word' id='word_1_275' title='bbox 348 3021 509 3099; x_wconf 82' lang='lat' dir='ltr'><strong>servabat,</strong></span> <span class='ocrx_word' id='word_1_276' title='bbox 538 3021 722 3103; x_wconf 81' lang='lat' dir='ltr'>domique“</span> <span class='ocrx_word' id='word_1_277' title='bbox 700 3043 739 3083; x_wconf 86' lang='lat' dir='ltr'>us</span> <span class='ocrx_word' id='word_1_278' title='bbox 760 3021 859 3082; x_wconf 83' lang='lat' dir='ltr'>solum</span> <span class='ocrx_word' id='word_1_279' title='bbox 887 3019 940 3098; x_wconf 88' lang='lat' dir='ltr'>qui</span> <span class='ocrx_word' id='word_1_280' title='bbox 961 3039 1062 3082; x_wconf 86' lang='lat' dir='ltr'>secum</span> <span class='ocrx_word' id='word_1_281' title='bbox 1089 3021 1293 3088; x_wconf 82' lang='lat' dir='ltr'>consentirent</span> 
     </span>
     <span class='ocr_line' id='line_1_33' title="bbox 181 3109 376 3171; baseline 0 -2"><span class='ocrx_word' id='word_1_282' title='bbox 181 3109 376 3171; x_wconf 80' lang='lat' dir='ltr'>ostendebat.</span> 
     </span>
    </p>
   </div>
   <div class='ocr_carea' id='block_1_4' title="bbox 517 3221 959 3311">
    <p class='ocr_par' dir='ltr' id='par_1_5' title="bbox 517 3221 959 3311">
     <span class='ocr_line' id='line_1_34' title="bbox 517 3221 959 3311; baseline -0.002 -22"><span class='ocrx_word' id='word_1_283' title='bbox 517 3222 588 3289; x_wconf 80' lang='lat' dir='ltr'><strong>Vll.</strong></span> <span class='ocrx_word' id='word_1_284' title='bbox 608 3221 808 3311; x_wconf 79' lang='lat' dir='ltr'>Acindynus</span> <span class='ocrx_word' id='word_1_285' title='bbox 829 3221 959 3290; x_wconf 79' lang='lat' dir='ltr'>iterum.</span> 
     </span>
    </p>
   </div>
   <div class='ocr_carea' id='block_1_5' title="bbox 219 3323 907 3497">
    <p class='ocr_par' dir='ltr' id='par_1_6' title="bbox 226 3323 907 3497">
     <span class='ocr_line' id='line_1_35' title="bbox 228 3323 907 3434; baseline 0 -40"><span class='ocrx_word' id='word_1_286' title='bbox 228 3328 282 3394; x_wconf 75' lang='grc' dir='ltr'>Συ</span> <span class='ocrx_word' id='word_1_287' title='bbox 297 3331 427 3434; x_wconf 81' lang='grc' dir='ltr'><strong><em>σέμβλογ</em></strong></span> <span class='ocrx_word' id='word_1_288' title='bbox 442 3325 517 3411; x_wconf 71' lang='grc' dir='ltr'><strong><em>ἡδέι,</em></strong></span> <span class='ocrx_word' id='word_1_289' title='bbox 539 3329 591 3393; x_wconf 72' lang='lat' dir='ltr'>uei</span> <span class='ocrx_word' id='word_1_290' title='bbox 606 3323 698 3410; x_wconf 89' lang='grc' dir='ltr'><strong><em>λόγου</em></strong></span> <span class='ocrx_word' id='word_1_291' title='bbox 716 3327 782 3408; x_wconf 90' lang='grc' dir='ltr'><strong><em>μέλι</em></strong></span> <span class='ocrx_word' id='word_1_292' title='bbox 795 3324 907 3408; x_wconf 67' lang='lat' dir='ltr'>(todem,</span> 
     </span>
     <span class='ocr_line' id='line_1_36' title="bbox 219 3409 857 3497; baseline -0.013 -16.91"><span class='ocrx_word' id='word_1_293' title='bbox 219 3415 327 3497; x_wconf 79' lang='grc' dir='ltr'><strong><em>’Ἀνθη</em></strong></span> <span class='ocrx_word' id='word_1_294' title='bbox 343 3409 485 3493; x_wconf 78' lang='grc' dir='ltr'>συνόξας,</span> <span class='ocrx_word' id='word_1_295' title='bbox 506 3424 563 3477; x_wconf 88' lang='lat' dir='ltr'>ete.</span> <span class='ocrx_word' id='word_1_296' title='bbox 575 3425 613 3477; x_wconf 87' lang='lat' dir='ltr'>ut</span> <span class='ocrx_word' id='word_1_297' title='bbox 624 3435 715 3495; x_wconf 85' lang='lat' dir='ltr'><strong>supra</strong></span> <span class='ocrx_word' id='word_1_298' title='bbox 726 3414 761 3474; x_wconf 89' lang='lat' dir='ltr'>in</span> <span class='ocrx_word' id='word_1_299' title='bbox 778 3413 857 3476; x_wconf 82' lang='lat' dir='ltr'>Vita.</span> 
     </span>
    </p>
   </div>
   <div class='ocr_carea' id='block_1_6' title="bbox 273 3519 371 3596">
    <p class='ocr_par' dir='ltr' id='par_1_7' title="bbox 273 3519 371 3596">
     <span class='ocr_line' id='line_1_37' title="bbox 273 3519 371 3596; baseline -0.01 -17"><span class='ocrx_word' id='word_1_300' title='bbox 273 3519 371 3596; x_wconf 75' lang='lat' dir='ltr'>Adde,</span> 
     </span>
    </p>
   </div>
   <div class='ocr_carea' id='block_1_7' title="bbox 230 3616 1058 4386">
    <p class='ocr_par' dir='ltr' id='par_1_8' title="bbox 231 3616 948 3788">
     <span class='ocr_line' id='line_1_38' title="bbox 231 3616 948 3727; baseline -0.007 -41"><span class='ocrx_word' id='word_1_301' title='bbox 231 3622 303 3687; x_wconf 71' lang='grc' dir='ltr'><strong><em>Οἴει</em></strong></span> <span class='ocrx_word' id='word_1_302' title='bbox 315 3645 351 3703; x_wconf 83' lang='grc' dir='ltr'>με</span> <span class='ocrx_word' id='word_1_303' title='bbox 366 3625 434 3695; x_wconf 70' lang='grc' dir='ltr'>πῶς</span> <span class='ocrx_word' id='word_1_304' title='bbox 447 3624 524 3727; x_wconf 75' lang='grc' dir='ltr'><strong><em>γοῦν</em></strong></span> <span class='ocrx_word' id='word_1_305' title='bbox 538 3619 591 3682; x_wconf 73' lang='lat' dir='ltr'><strong>rol</strong></span> <span class='ocrx_word' id='word_1_306' title='bbox 603 3624 757 3683; x_wconf 77' lang='grc' dir='ltr'><strong><em>κινεῖσθαι</em></strong></span> <span class='ocrx_word' id='word_1_307' title='bbox 770 3616 823 3681; x_wconf 82' lang='grc' dir='ltr'>καλ</span> <span class='ocrx_word' id='word_1_308' title='bbox 836 3616 948 3696; x_wconf 78' lang='grc' dir='ltr'><strong><em>πνέειν,</em></strong></span> 
     </span>
     <span class='ocr_line' id='line_1_39' title="bbox 231 3700 921 3813; baseline -0.009 -42"><span class='ocrx_word' id='word_1_309' title='bbox 231 3707 299 3771; x_wconf 75' lang='grc' dir='ltr'>Καὶ</span> <span class='ocrx_word' id='word_1_310' title='bbox 314 3703 386 3780; x_wconf 66' lang='lat' dir='ltr'>roric</span> <span class='ocrx_word' id='word_1_311' title='bbox 393 3701 535 3813; x_wconf 78' lang='grc' dir='ltr'><strong><em>όγαγοός</em></strong></span> <span class='ocrx_word' id='word_1_312' title='bbox 550 3709 605 3813; x_wconf 80' lang='grc' dir='ltr'>τῆς</span> <span class='ocrx_word' id='word_1_313' title='bbox 619 3709 723 3785; x_wconf 78' lang='grc' dir='ltr'><strong><em>ψυχῆς</em></strong></span> <span class='ocrx_word' id='word_1_314' title='bbox 737 3700 921 3781; x_wconf 77' lang='grc' dir='ltr'>διευθύνειν,</span> 
     </span>
    </p>

    <p class='ocr_par' dir='ltr' id='par_1_9' title="bbox 233 3783 952 4127">
     <span class='ocr_line' id='line_1_40' title="bbox 233 3783 942 3895; baseline -0.006 -40"><span class='ocrx_word' id='word_1_315' title='bbox 233 3791 301 3856; x_wconf 77' lang='grc' dir='ltr'>Καὶ</span> <span class='ocrx_word' id='word_1_316' title='bbox 317 3795 371 3871; x_wconf 75' lang='grc' dir='ltr'>τῆς</span> <span class='ocrx_word' id='word_1_317' title='bbox 382 3787 517 3895; x_wconf 77' lang='grc' dir='ltr'><strong><em>οἷνόγγης</em></strong></span> <span class='ocrx_word' id='word_1_318' title='bbox 532 3786 586 3864; x_wconf 71' lang='grc' dir='ltr'>τὰς</span> <span class='ocrx_word' id='word_1_319' title='bbox 604 3786 739 3894; x_wconf 64' lang='grc' dir='ltr'><strong><em>σιραφᾶς</em></strong></span> <span class='ocrx_word' id='word_1_320' title='bbox 751 3783 942 3865; x_wconf 72' lang='grc' dir='ltr'><strong><em>ἄποπλέκειν,</em></strong></span> 
     </span>
     <span class='ocr_line' id='line_1_41' title="bbox 233 3870 969 3983; baseline -0.008 -40"><span class='ocrx_word' id='word_1_321' title='bbox 233 3883 304 3942; x_wconf 82' lang='grc' dir='ltr'>Σοῦ</span> <span class='ocrx_word' id='word_1_322' title='bbox 317 3903 359 3959; x_wconf 87' lang='grc' dir='ltr'>μη</span> <span class='ocrx_word' id='word_1_323' title='bbox 351 3872 570 3958; x_wconf 75' lang='grc' dir='ltr'>λαλούσης</span> <span class='ocrx_word' id='word_1_324' title='bbox 532 3900 587 3983; x_wconf 81' lang='grc' dir='ltr'>της</span> <span class='ocrx_word' id='word_1_325' title='bbox 600 3880 699 3980; x_wconf 75' lang='grc' dir='ltr'><strong><em>πνοῆς</em></strong></span> <span class='ocrx_word' id='word_1_326' title='bbox 713 3898 771 3954; x_wconf 87' lang='grc' dir='ltr'>μου</span> <span class='ocrx_word' id='word_1_327' title='bbox 784 3878 845 3938; x_wconf 77' lang='grc' dir='ltr'><strong><em>ταῖν</em></strong></span> <span class='ocrx_word' id='word_1_328' title='bbox 857 3870 969 3957; x_wconf 71' lang='grc' dir='ltr'><strong><em>λόγους</em></strong></span> 
     </span>
     <span class='ocr_line' id='line_1_42' title="bbox 236 3958 941 4067; baseline -0.006 -41"><span class='ocrx_word' id='word_1_329' title='bbox 236 3961 291 4042; x_wconf 85' lang='grc' dir='ltr'>Νη</span> <span class='ocrx_word' id='word_1_330' title='bbox 306 3988 379 4037; x_wconf 82' lang='grc' dir='ltr'><strong><em>τους</em></strong></span> <span class='ocrx_word' id='word_1_331' title='bbox 392 3959 518 4044; x_wconf 83' lang='grc' dir='ltr'><strong><em>λόγους,</em></strong></span> <span class='ocrx_word' id='word_1_332' title='bbox 539 3958 663 4067; x_wconf 48' lang='lat' dir='ltr'>nouzon</span> <span class='ocrx_word' id='word_1_333' title='bbox 676 3984 819 4054; x_wconf 67' lang='lat' dir='ltr'>emenone</span> <span class='ocrx_word' id='word_1_334' title='bbox 833 3959 941 4044; x_wconf 74' lang='grc' dir='ltr'>βρέτας</span> 
     </span>
     <span class='ocr_line' id='line_1_43' title="bbox 236 4042 822 4154; baseline -0.005 -44"><span class='ocrx_word' id='word_1_335' title='bbox 236 4049 316 4154; x_wconf 51' lang='lat' dir='ltr'>Elui</span> <span class='ocrx_word' id='word_1_336' title='bbox 331 4050 490 4124; x_wconf 66' lang='lat' dir='ltr'>&amp;leonida</span> <span class='ocrx_word' id='word_1_337' title='bbox 503 4053 603 4120; x_wconf 76' lang='grc' dir='ltr'><strong><em>κακῶς</em></strong></span> <span class='ocrx_word' id='word_1_338' title='bbox 618 4042 822 4152; x_wconf 68' lang='grc' dir='ltr'><strong><em>συνηγμένον,</em></strong></span> 
     </span>
    </p>

    <p class='ocr_par' dir='ltr' id='par_1_10' title="bbox 238 4126 926 4239">
     <span class='ocr_line' id='line_1_44' title="bbox 238 4126 926 4239; baseline 0 -45"><span class='ocrx_word' id='word_1_339' title='bbox 238 4129 311 4195; x_wconf 83' lang='grc' dir='ltr'>Καν</span> <span class='ocrx_word' id='word_1_340' title='bbox 323 4139 387 4206; x_wconf 87' lang='grc' dir='ltr'><strong><em>τοῖς</em></strong></span> <span class='ocrx_word' id='word_1_341' title='bbox 385 4129 541 4239; x_wconf 63' lang='lat' dir='ltr'>deotpurc</span> <span class='ocrx_word' id='word_1_342' title='bbox 555 4126 668 4204; x_wconf 62' lang='lat' dir='ltr'>duleus</span> <span class='ocrx_word' id='word_1_343' title='bbox 680 4127 926 4238; x_wconf 76' lang='grc' dir='ltr'><strong><em>όνηρμένον</em></strong></span> 
     </span>
    </p>

    <p class='ocr_par' dir='ltr' id='par_1_11' title="bbox 230 4205 1058 4386">
     <span class='ocr_line' id='line_1_45' title="bbox 230 4205 1058 4320; baseline -0.001 -40.987"><span class='ocrx_word' id='word_1_344' title='bbox 230 4213 289 4279; x_wconf 74' lang='lat' dir='ltr'><strong>&#39;Aa</strong></span> <span class='ocrx_word' id='word_1_345' title='bbox 308 4221 386 4299; x_wconf 80' lang='grc' dir='ltr'><strong><em>γοῦν</em></strong></span> <span class='ocrx_word' id='word_1_346' title='bbox 400 4213 530 4320; x_wconf 82' lang='grc' dir='ltr'><strong><em>α’νοίξης</em></strong></span> <span class='ocrx_word' id='word_1_347' title='bbox 539 4208 721 4298; x_wconf 83' lang='grc' dir='ltr'><strong><em>νινευμαιων</em></strong></span> <span class='ocrx_word' id='word_1_348' title='bbox 740 4235 794 4280; x_wconf 91' lang='grc' dir='ltr'>σου</span> <span class='ocrx_word' id='word_1_349' title='bbox 811 4212 882 4290; x_wconf 74' lang='grc' dir='ltr'><strong><em>νοός</em></strong></span> <span class='ocrx_word' id='word_1_350' title='bbox 895 4205 1058 4290; x_wconf 58' lang='lat' dir='ltr'>advorte,</span> 
     </span>
     <span class='ocr_line' id='line_1_46' title="bbox 240 4295 934 4386; baseline -0.001 -21"><span class='ocrx_word' id='word_1_351' title='bbox 240 4301 303 4367; x_wconf 71' lang='grc' dir='ltr'>Καὶ</span> <span class='ocrx_word' id='word_1_352' title='bbox 316 4307 439 4386; x_wconf 74' lang='grc' dir='ltr'><strong><em>πνεῦμα</em></strong></span> <span class='ocrx_word' id='word_1_353' title='bbox 451 4295 585 4386; x_wconf 79' lang='grc' dir='ltr'><strong><em>ιινιόσης</em></strong></span> <span class='ocrx_word' id='word_1_354' title='bbox 599 4305 731 4379; x_wconf 65' lang='lat' dir='ltr'>tuende</span> <span class='ocrx_word' id='word_1_355' title='bbox 743 4295 805 4378; x_wconf 71' lang='grc' dir='ltr'>λε’</span> <span class='ocrx_word' id='word_1_356' title='bbox 790 4295 934 4385; x_wconf 81' lang='grc' dir='ltr'><strong><em>οργάνον,</em></strong></span> 
     </span>
    </p>
   </div>
   <div class='ocr_carea' id='block_1_8' title="bbox 0 0 1522 4742">
    <p class='ocr_par' dir='ltr' id='par_1_12' title="bbox 0 0 1522 4742">
     <span class='ocr_line' id='line_1_47' title="bbox 0 0 1522 4742; baseline 0 0"><span class='ocrx_word' id='word_1_357' title='bbox 0 0 1522 4742; x_wconf 95' lang='lat' dir='ltr'> </span> 
     </span>
    </p>
   </div>
  </div>
 </body>
</html>
