3017 4742
348 274 586 347 mesenam
606 274 846 345 cumeum
866 234 1043 347 moen
1165 290 1245 345 eos

226 434 444 499 Recentiorum
462 432 649 512 testimonia,
676 441 784 514 utpote
801 434 975 515 pervulgata
995 444 1028 496 et
1048 434 1175 497 cuilibet
1193 438 1246 499 ob-

148 524 208 600 via,
230 523 356 583 omuino
370 519 457 601 potui
471 519 623 595 omittere,
648 528 678 579 et
689 522 816 583 fortasse
832 520 932 584 debui.
975 522 1034 583 Sed
1055 542 1094 581 ne
1106 520 1197 583 huius
1211 545 1247 587 sc

146 608 309 690 superioris
321 606 432 667 saeculi
446 604 616 665 hominibus
630 604 721 668 iidem
734 604 890 685 abrogasse
906 627 1066 687 eorumque
1081 607 1248 667 suctorits-

145 706 206 755 tem
225 691 442 773 contempsisse
457 690 577 767 videar,
596 710 651 755 sex
673 701 726 751 aut
743 700 855 773 septem
868 690 930 753 huc
944 692 1125 774 producam:
1147 703 1249 755 caete-

145 801 196 841 ros
213 779 346 839 indicere
357 777 431 837 setis
447 777 545 837 fuerit.
1169 793 1173 810 ·

321 879 345 939 l.
359 880 508 959 Lipsius,
531 879 604 941 Not.
619 874 665 937 ad
672 876 743 937 Lib.
758 876 788 941 I.
803 879 929 942 Politic.
944 880 1019 959 Cap.
1032 898 1083 941 rx.

235 962 420 1045 Nicephorus
443 963 588 1042 Gregoras
608 962 764 1023 historiam
787 965 917 1025 ethium
936 964 1115 1025 narrationis
1127 962 1249 1025 Nicetes

153 1048 304 1109 choniatis
318 1050 453 1129 excepit,
476 1058 507 1107 et
527 1070 589 1109 non
608 1048 737 1108 laudem.
779 1049 906 1129 Scripsit
924 1051 1004 1110 enim
1020 1050 1056 1109 ab
1069 1050 1142 1109 urbe
1159 1059 1248 1130 capta

148 1156 195 1196 res
208 1135 248 1194 ad
262 1134 431 1195 Andronici
445 1133 610 1213 Palaeologi
625 1135 800 1213 posterioris
817 1144 959 1214 mortem,
977 1136 1039 1195 sed
1059 1154 1247 1213 nequaquam

147 1220 212 1301 pari
233 1220 427 1299 castigatione
442 1229 492 1279 aut
506 1219 662 1295 industria,
684 1230 714 1279 et
723 1218 799 1279 vitia
810 1221 897 1299 plura
907 1221 1002 1279 traxit
1014 1220 1062 1279 sui
1075 1220 1149 1282 aevi.
1192 1222 1248 1279 Su-

147 1305 276 1387 perfluit
293 1315 345 1364 aut
357 1314 511 1382 evagatur,
535 1314 565 1364 et
579 1324 627 1365 res
642 1305 850 1385 orationesque
863 1307 999 1386 proprias
1018 1305 1139 1382 miscet,
1159 1305 1247 1365 inde-

150 1411 237 1462 core,
256 1390 317 1449 imo
329 1390 439 1471 inepte.
481 1389 594 1449 Iudicia
609 1398 707 1451 tamen
718 1390 781 1450 eius
795 1392 907 1467 crebra,
921 1402 953 1451 et
965 1392 1141 1471 plerumque
1153 1400 1247 1451 recta.

151 1476 277 1535 Cauarae
295 1486 458 1535 eventuum
472 1476 588 1535 curiose
602 1475 732 1555 positae:
752 1476 847 1556 pietas
863 1476 1023 1553 inculcata,
1044 1487 1074 1537 et
1085 1478 1178 1537 multa
1191 1497 1249 1556 op-

146 1571 279 1643 portune
292 1560 332 1620 sd
344 1560 474 1641 primam
488 1561 569 1621 illam
583 1581 709 1638 causans,
725 1560 744 1623 i.
760 1581 784 1623 e.
801 1562 906 1639 Deum,
921 1563 1059 1641 relegata.
1085 1565 1162 1621 Saue
1173 1582 1248 1641 pro-

145 1646 314 1705 videntiam
332 1656 362 1706 et
384 1647 479 1707 fatum
493 1666 555 1705 uon
571 1646 648 1707 alius
662 1646 794 1725 scriptor
814 1648 940 1707 asseruit
955 1647 1059 1727 magis.
1096 1646 1249 1724 Legendus

151 1750 221 1791 cum
235 1730 299 1790 hoc
312 1731 433 1791 nomine
441 1776 450 1809 ,
471 1741 537 1791 tum
553 1732 641 1791 etiam
654 1732 725 1806 illo,
747 1732 830 1811 quod
844 1733 986 1811 pleraque
1000 1734 1063 1791 eius
1073 1730 1198 1789 historia
1212 1732 1250 1790 ab

156 1834 232 1875 sevo
245 1824 348 1875 nostro
360 1837 418 1877 non
431 1817 570 1877 dissidet:
591 1816 653 1877 imo
666 1817 733 1877 lites
750 1816 961 1898 discessusque
970 1817 1005 1875 in
1020 1816 1112 1876 sacris
1122 1814 1252 1895 reperies

156 1898 240 1959 haud
255 1900 409 1963 dissimiles
426 1901 591 1963 hodiernis.

158 2003 314 2065 ermerus
337 2006 371 2062 in
392 2004 520 2066 Inmunis
536 2001 740 2063 Ganmcuseni
750 2004 945 2079 Historiam,
965 1999 1036 2068 edit.
1050 2004 1126 2083 Reg.
1137 2024 1171 2082 p.
1178 2005 1250 2069 932

234 2103 422 2185 Mesphorus
442 2106 586 2185 Gregoras
613 2106 694 2166 omui
712 2106 881 2167 litterarum
897 2105 1067 2185 cognitione
1083 2126 1116 2165 ea
1138 2115 1250 2187 tempe-

150 2200 223 2252 state
237 2192 322 2272 spud
337 2192 466 2251 Graecos
479 2191 613 2253 illustris.

149 2294 234 2357 Idem
245 2294 319 2354 Lib.
344 2292 401 2357 III.
420 2294 672 2355 Observationum
690 2295 723 2353 in
743 2294 852 2375 Georg.
874 2291 1035 2355 Cadmum.
1067 2295 1141 2375 Cap.
1156 2313 1248 2357 ινιτ.

232 2395 426 2477 Nicephosus
445 2397 588 2475 Gregoras
603 2417 656 2455 sua
670 2396 702 2454 in
713 2394 840 2455 historia
852 2418 956 2478 parum
970 2396 1065 2457 amico
1079 2398 1178 2458 animo
1192 2398 1251 2457 fuit

146 2484 182 2545 in
198 2482 406 2543 Andronicum
424 2480 568 2541 iuniorem
582 2484 794 2563 Imperatorem
818 2492 848 2541 et
866 2484 898 2541 iu
915 2484 1054 2543 loannem
1066 2484 1250 2543 Cantacuze-

147 2588 237 2645 num,
249 2588 389 2646 magnum
398 2568 615 2643 Domesticum;
638 2567 673 2628 de
687 2586 745 2645 qua
762 2566 908 2645 Gregorae
922 2570 1078 2649 iniquitate
1095 2579 1178 2628 extat
1190 2590 1251 2650 pu-

149 2654 233 2714 blica
247 2653 429 2731 querimonia
437 2652 634 2711 Cantecuzeni
642 2652 693 2711 lib.
701 2672 743 2711 ιν.
753 2670 817 2732 cap.
828 2674 914 2716 xxrv.
925 2664 1035 2715 etnv.
1055 2655 1118 2713 Nec
1131 2654 1251 2730 mirum,

152 2739 226 2818 quia
242 2738 419 2817 sequebatur
434 2748 534 2818 partes
548 2736 713 2797 Andronici
728 2738 864 2815 senioris,
881 2739 934 2798 cui
946 2738 1167 2797 addictissimus
1179 2748 1252 2813 erat,

149 2832 259 2905 utpote
279 2824 420 2903 plurimis
441 2822 593 2883 beneficiis
618 2823 653 2882 ab
676 2822 731 2881 illo
754 2822 876 2883 affectus
900 2833 930 2884 et
953 2823 1067 2901 magnis
1086 2820 1253 2881 honoribus

147 2910 330 2970 cumuletur.
373 2908 523 2983 Quocirca
543 2909 688 2967 calamum
704 2908 857 2969 continere
871 2928 934 2968 non
947 2908 1063 2989 potuit,
1091 2908 1255 2987 quominus

148 2994 310 3075 aliqnando
319 2994 527 3055 Andronicum
535 2994 681 3053 iuniorem
697 2994 971 3053 etCantacuzenum
984 2994 1165 3055 mordaciter
1180 3014 1252 3076 per-

148 3082 327 3160 stringeret,
349 3088 380 3139 et
396 3079 559 3140 calumnias
571 3080 603 3138 in
617 3077 734 3139 chartas
750 3077 925 3141 effunderet.

251 3186 434 3257 Fontanus,
459 3184 492 3239 in
505 3184 703 3259 Praefatione
715 3182 875 3239 Historiae
890 3180 1158 3245 Oantacusenicae.

234 3266 348 3329 Verum
363 3268 432 3347 quia
444 3268 587 3345 Gregoras
599 3268 654 3329 iste
668 3286 734 3343 avo,
755 3266 789 3325 in
801 3267 886 3326 cuins
900 3268 995 3326 sulam
1010 3268 1133 3328 desertis
1146 3269 1252 3329 studiis

145 3352 326 3413 liberalibus
345 3372 378 3413 se
399 3353 543 3429 contulit,
565 3352 705 3427 amicior,
726 3354 831 3432 nepoti
849 3361 948 3412 sutem
962 3352 1096 3431 iniquior
1116 3354 1191 3416 fuit:
1210 3355 1253 3415 il-

147 3438 277 3516 lumque
294 3438 461 3519 plurimum
475 3448 505 3499 et
520 3458 607 3519 saepe
622 3438 855 3499 commendarim
878 3438 959 3498 hunc
973 3448 1090 3518 aperte,
1112 3460 1168 3500 nee
1187 3462 1254 3500 mo·

152 3520 223 3581 dice
236 3532 266 3581 et
275 3542 339 3582 non
353 3544 423 3584 raro
437 3524 624 3585 insimulavit
643 3544 677 3583 ac
696 3524 898 3604 vituperavit:
921 3524 959 3583 ad
978 3523 1053 3583 haec
1077 3544 1153 3603 quae
1174 3527 1254 3587 inter

149 3606 226 3667 illos
243 3608 413 3669 acciderunt
426 3620 542 3691 partem
557 3609 716 3669 maximam
729 3608 854 3669 minime
870 3619 1023 3689 comperta
1036 3608 1155 3672 hahuit:
1178 3630 1254 3690 quae

149 3702 256 3753 autern
269 3696 429 3774 comperit,
450 3716 484 3755 ea
500 3696 637 3773 confuse,
658 3695 849 3774 imperfecte,
872 3695 1017 3774 quaedam
1034 3714 1154 3777 quoque
1166 3697 1254 3754 aliter

147 3778 327 3859 aliquanto,
351 3780 614 3862 quidaliqusnto'l
635 3781 731 3840 multo
751 3780 838 3840 aliter
855 3800 946 3860 quam
959 3792 1123 3841 evenerunt
1144 3790 1173 3839 et
1186 3798 1254 3839 cnm

146 3864 320 3925 mendaciis
334 3867 489 3947 exposuit:
511 3867 546 3927 in
558 3866 653 3947 ipsius
665 3884 786 3947 quoque
800 3866 1000 3927 Cautacuzeni
1011 3866 1090 3925 bello
1108 3866 1254 3943 rebusque

148 3952 419 4011 commemorandis
435 3950 524 4033 (quae
535 3952 647 4033 scripta
660 3952 709 4013 vel
722 3952 911 4026 interierunt,
933 3952 982 4012 vel
995 3950 1094 4011 adhuc
1106 3951 1138 4008 in
1154 3950 1255 4029 aliqua

147 4034 339 4096 Bibliotheca
358 4036 473 4117 latent)
496 4056 604 4119 porum
620 4038 699 4101 bona
725 4036 786 4097 fide
805 4038 1019 4117 malevoleque·
1038 4044 1173 4096 versatus
1195 4046 1255 4096 ests

150 4120 381 4181 Cantacuzeuus
403 4120 477 4183 haec
499 4124 574 4183 vitia
597 4144 660 4183 non
684 4123 782 4189 ferens
804 4124 892 4203 longe
914 4118 1081 4195 sincerius,
1108 4118 1255 4203 longeque

151 4207 319 4287 copiosius,
342 4206 532 4286 distinctius,
553 4207 717 4287 integrius,
742 4208 853 4269 certius
878 4207 979 4269 omnia
997 4206 1176 4287 explicavit,
1197 4218 1253 4269 etc.

597 4292 680 4355 Idem
692 4290 814 4354 ibidem.

238 4374 382 4439 Attamen
406 4376 473 4440 fieri
501 4386 618 4460 potest,
653 4388 690 4439 ut
712 4378 859 4456 Gregorss
879 4376 918 4435 de
936 4374 1070 4434 moribus
1089 4373 1257 4433 Andronici
