3017 4742
233 273 309 349 278
532 274 766 349 NICEPHOlll
786 271 1027 343 GREGORAE

121 464 149 512 Α.
166 459 199 511 Μ.
238 440 398 534 ἀνερριόγιι
411 448 455 534 τῷ
463 446 646 527 τηνικαῦτα,
673 440 740 528 περὶ
755 430 798 505 ὧν
813 438 941 525 ίροῶμεν
954 434 1074 503 αὐτίκα.
1097 432 1115 501 δ
1130 434 1165 502 δέ
1176 439 1232 521 τῆς
1245 461 1326 518 μαν-

123 528 190 648 ἯῙ
237 548 319 625 τείας
331 544 446 633 τρόπος
459 551 596 621 τοιοῦτος
609 536 656 629 ῆν.
710 540 780 631 (Β)
802 541 853 606 Ἐν
865 547 910 629 τῷ
923 539 1002 606 κατὰ
1017 534 1328 625 τῆνἈδριανοότιολιν

124 663 194 719 6836
237 652 377 739 παλατίρι
397 646 509 735 εόρίθη
526 647 584 736 πρά
598 652 661 715 τῶν
680 650 785 711 πυλῶν
808 642 950 731 ἀνωτίρω
963 641 1074 729 μικρὸν
1093 646 1150 725 τῆς
1166 646 1257 729 φλιάς
1272 645 1330 725 τῆς

74 735 305 856 msifflffmd'vm
321 752 525 840 γεγραμμένος
539 747 666 825 κόκλος·
694 749 827 833 καὶπερὶ
844 745 897 811 τόν
916 742 1026 811 κόκλον
1045 744 1177 831 τέτταρα
1196 746 1260 823 ζῶα
1280 768 1332 828 γε·

208 840 416 945 λὶγραμμίνα,
450 854 544 935 λίων,
577 850 744 940 πόρδαλις,
777 844 904 933 ἀλώπηξ
935 850 986 913 καί
1022 843 1159 934 λαγωός·
1193 848 1246 911 καὶ
1275 844 1357 910 ln’S

237 960 342 1035 αάτοῖς
361 954 502 1044 χρησμός
517 981 564 1033 τις
579 953 743 1041 δ’μμετρος,
770 954 1002 1037 αἰνιγματωδῶς
1022 976 1087 1027 πως
1106 949 1264 1037 ἐμφαίνων
1282 972 1336 1014 τε-

237 1061 346 1146 λεντῆν
372 1060 524 1142 βασιλέως
548 1054 621 1135 Ιἑνὸς
648 1064 711 1123 τῶν
736 1051 960 1139 Παλαιολόγιον
993 1054 1025 1118 ἓν
1055 1054 1266 1138 Θεσσαλονίκῃ
1294 1056 1335 1137 τῇ

236 1162 321 1231 πόλει
335 1157 598 1247 ἓπιδεδημηκότος.
626 1152 664 1247 ῆν
679 1154 743 1225 did
760 1164 897 1233 τοιοῦτος
908 1153 1018 1232 κόκλος
1032 1161 1086 1240 τῆς
1099 1161 1154 1240 γῆς
1169 1154 1290 1237 ἀπίχων
1303 1155 1336 1229 lc

132 1314 134 1319 -
234 1265 318 1349 ὕψος
335 1268 421 1331 δυοῖν
436 1264 558 1352 ἀνδρῶν
578 1270 693 1350 μῆκος·
721 1258 765 1338 ὥς
777 1261 951 1347 ἀμφίβολον
967 1260 1107 1325 ἐντεῦθεν
1121 1260 1262 1343 γίνεσθαι
1282 1258 1336 1321 καὶ

237 1366 303 1436 οίον
328 1367 456 1434 ἀπιστον
472 1370 506 1433 ἐν
523 1364 644 1457 ἀποιμίρι
666 1372 772 1445 λαβεῖν
793 1363 959 1449 ἀνθρωπον
982 1358 1057 1427 είναι
1079 1360 1132 1426 τὸν
1152 1356 1332 1448 γράψαντα,
1345 1369 1381 1422 10

237 1470 344 1559 καιρόν
369 1470 424 1537 οάκ
444 1469 553 1554 ἔχοντα
576 1472 680 1535 θεῖναί
699 1492 732 1533 τε
754 1468 886 1549 κλίμακα
907 1466 958 1529 καί
977 1462 1045 1547 ἅμα
1064 1460 1191 1529 ἀνιόντα
1213 1458 1337 1549 γρόψαι

212 1574 317 1657 unere
338 1580 394 1658 τῆς
411 1568 625 1660 προσηκοόσης
646 1576 776 1656 σχολῆς,
802 1568 953 1652 βασιλέως
971 1592 1004 1633 τε
1025 1562 1180 1653 παρόντος
1200 1568 1251 1630 καὶ
1267 1564 1339 1647 ἀμα

241 1682 361 1761 συχνῶν
385 1678 437 1741 καί
458 1671 678 1762 ἀναριθμήτων
700 1670 796 1739 όντων
823 1678 885 1737 τῶν
912 1667 1067 1736 εἰσιόντων
1094 1671 1146 1733 καί
1176 1664 1336 1745 ἐξιόντων·

240 1777 457 1863 ὣστεμηδενδς
466 1784 527 1843 τῶν
543 1774 718 1865 ἀνθρώπων
732 1774 821 1851 ὄντος
833 1780 889 1839 τοῶ
900 1768 1079 1859 γράψαντος
1082 1770 1182 1857 χρεῶν
1197 1771 1338 1854 ἀναμνη·

240 1886 357 1965 σθῆναι
373 1886 435 1959 τῶν
451 1880 594 1966 ἀνωτίρω
613 1876 802 1964 πλατότερον
822 1878 889 1963 περί
911 1882 974 1941 τῶν
993 1871 1140 1941 τοιοότων
1154 1873 1335 1960 προειρημί·
1347 1884 1381 1939 15

241 2008 303 2048 νων
325 1984 404 2065 ἐμοί.
455 1980 520 2070 (Γ.)
541 1981 626 2047 Ἀλλ’
648 1983 696 2045 ἐπὶ
722 1982 895 2047 Θετταλίαν
918 1980 969 2043 καί
992 1975 1032 2043 τά
1053 1978 1115 2041 ἐκεῖ
1134 1972 1339 2074 πρόγματαό

240 2080 331 2169 λόγος
350 2082 491 2168 ἀγέσθω,
516 2085 569 2147 ἰ’να
589 2084 640 2147 καί
661 2088 723 2147 τῶν
737 2082 853 2147 ε’κεῖθεν
867 2080 1088 2165 ἀπαλλαγίντες
1107 2084 1170 2145 τῶν
1192 2076 1341 2161 μειζόνων

243 2188 294 2251 καί
310 2184 489 2271 βαρυτέρων
510 2181 669 2269 ἁψώμεθα
688 2180 876 2251 δποθίσεων.
916 2182 1050 2271 ἔφαμεν,
1078 2178 1154 2266 ῶςῆ
1173 2185 1340 2249 Θετταλῶν

214 2291 296 2353 Enni
314 2292 484 2373 Πελασγῶν
505 2286 583 2374 ἀρχῆ
601 2287 632 2363 ἐς
649 2285 792 2371 Ἰωόννην
807 2285 936 2371 ἴσχατον
956 2290 1101 2373 περιῆλθε
1120 2284 1175 2350 τόν
1190 2288 1340 2351 Λοῦκαν·

244 2389 279 2467 ὃς
299 2390 366 2465 νέος
385 2414 418 2455 τε
435 2386 478 2455 ἀν
495 2389 551 2474 τῆν
572 2387 691 2474 ῆλικίαν
702 2392 754 2455 καί
770 2388 872 2466 ἄλλως
886 2387 1027 2473 νοσώδης
1045 2387 1103 2473 τῆν
1119 2386 1180 2465 ἕξιν
1201 2394 1258 2454 τοῦ
1273 2384 1384 2452 oni-2⁰

243 2516 343 2575 ματος
359 2490 419 2575 καί]
437 2488 517 2578 ὁρῶν
538 2490 590 2557 dni
614 2500 704 2560 τοῦτο
727 2498 912 2577 πλημμελῶς
931 2491 973 2558 τά
997 2492 1061 2557 ἐκεῖ
1079 2486 1233 2577 φερόμενα
1256 2486 1340 2575 πρό-

241 2620 344 2680 γματα
360 2595 464 2661 ίδιδίει
483 2598 550 2681 περὶ
569 2601 625 2678 τῆς
645 2595 741 2681 ἀρχῆς
750 2646 761 2675 ,
787 2592 832 2679 μῆ
846 2620 892 2671 τις
908 2602 970 2661 τῶν
986 2590 1044 2660 ἀπ’
1061 2593 1145 2681 αὐτῷ
1157 2619 1190 2677 γε
1208 2591 1341 2669 ἐνδόξων

242 2699 420 2783 νεωτερίσας
443 2704 629 2783 τυραννικῶς
651 2696 746 2781 αὐτῆς
766 2695 956 2782 ἐπιλάβηται.
999 2694 1073 2762 ὅθεν
1096 2694 1339 2782 διαπρεσβευσά-

134 2808 165 2863 Ρ.
182 2810 232 2866 173
244 2826 335 2885 μενος
349 2798 453 2885 ἀγεται
468 2797 568 2891 ἑαυτῷ
582 2810 708 2885 γυναῖκα
721 2798 871 2902 Εζγῆνην,
899 2800 955 2883 τῆν
969 2795 1069 2883 νόθην
1080 2798 1267 2885 Ἀνδρονάιον
1276 2805 1338 2862 τοῦ

165 2973 173 2983 “
242 2963 288 3017 ille
300 2966 453 3032 tempestate
472 2962 693 3027 eubito'exortoe‚
710 2962 743 3016 de
755 2962 847 3034 quibos
859 2979 905 3015 noo
917 2961 1003 3016 stetim
1018 2961 1151 3027 dioemno,
1165 2978 1196 3015 eo
1224 2960 1342 3014 roim

243 3040 292 3085 ert.
318 3032 456 3087 Oreoulurn
468 3038 551 3085 entem
562 3033 704 3086 huiusmodi
716 3033 777 3087 fnit.
810 3032 874 3101 (ΙΙ.)
891 3033 921 3085 In
933 3031 1189 3102 Adrienopolitenop
1229 3033 1343 3083 tinente

243 3102 328 3163 soree,
345 3100 420 3171 poulo
437 3113 514 3169 eupre
527 3099 603 3155 limen
624 3100 758 3171 nuperius,
775 3100 885 3154 circulor
906 3099 1052 3169 descriptor
1064 3101 1184 3155 inuentor
1200 3108 1254 3163 eet,
1269 3105 1296 3150 et
1309 3098 1342 3151 in

244 3168 298 3221 eiu·
310 3168 398 3222 circuli
410 3170 504 3221 ambitu
522 3177 631 3238 quotuor
644 3170 762 3223 enimelie
774 3170 892 3239 depicto,
910 3170 967 3234 leo,
985 3169 1113 3239 pendulis,
1129 3172 1234 3238 vulpes,
1250 3168 1342 3236 lepuee

244 3243 272 3289 et
287 3253 365 3306 eupre
384 3254 415 3289 ee
432 3237 559 3291 oraculum
581 3239 697 3292 retribue
708 3238 936 3309 comprehensum
946 3256 998 3308 quo
1018 3238 1125 3291 obscure
1136 3238 1341 3307 sigidone-un,

243 3304 424 3375 Imperatorem
442 3305 567 3374 quendem
588 3322 603 3359 ο
618 3307 825 3377 Peleeologorum
846 3306 957 3372 familie,
974 3308 1019 3360 ubi
1033 3308 1242 3361 Thessalonicam
1252 3304 1342 3358 veni&

244 3381 303 3437 eet,
320 3374 446 3427 obiturum
467 3394 532 3431 eone.
564 3375 591 3426 Ie
611 3375 720 3429 circulus
739 3377 845 3429 duorum
867 3376 978 3429 virorum
995 3393 1113 3429 mensure
1125 3394 1224 3429 numum
1241 3380 1342 3427 rtem

244 3442 372 3507 distabat,
389 3448 419 3495 ut
433 3442 558 3513 euepicnri
577 3460 626 3496 non
641 3444 746 3509 liceret,
764 3447 810 3499 ned
829 3446 966 3498 absurdum
985 3454 1012 3498 et
1030 3445 1106 3512 quoni
1127 3444 1278 3497 incredibile
1294 3462 1341 3495 ee-

245 3512 350 3574 eetfnb
370 3510 470 3563 homine
490 3511 616 3580 depictum
636 3530 708 3577 eone,
726 3514 769 3567 eui
780 3523 948 3584 opportunum
964 3520 1063 3582 tempue
1077 3513 1201 3565 defuisset
1212 3514 1245 3565 ed
1256 3511 1342 3564 neele·

244 3596 278 3648 ep
299 3578 411 3631 licandne
425 3585 452 3631 et
465 3580 498 3632 ed
512 3580 708 3647 recondendum,
720 3583 813 3636 nedum
823 3583 887 3635 eutis
899 3583 947 3635 otii
958 3582 992 3633 ed
1004 3582 1158 3651 pingendum
1170 3581 1270 3645 luisset,
1282 3598 1341 3633 αιιι

244 3655 272 3701 et
324 3654 427 3717 peretot
441 3648 557 3712 ndeueet,
575 3656 602 3703 et
619 3650 732 3705 hominen
743 3651 867 3705 innumeri
880 3652 970 3704 erebro
985 3651 1181 3719 ingrederentur
1193 3660 1222 3704 et
1232 3650 1341 3719 egrede-

242 3724 342 3771 rentur.
375 3716 488 3769 Proinde
505 3735 559 3773 cum
572 3736 645 3772 nemo
664 3721 806 3773 montelium
824 3720 1027 3789 impinxerit,
1045 3720 1078 3771 ed
1095 3719 1141 3774 illo
1157 3717 1341 3773 recurrendu-

243 3790 300 3849 eet,
314 3800 380 3854 qnee
398 3802 478 3855 nupto
497 3786 530 3839 de
550 3785 782 3841 huiuomodirebue
803 3788 931 3858 eopioeiue
945 3788 1114 3857 exposuimus.
1147 3788 1227 3857 (ΙΙΙ.)
1240 3788 1293 3841 Sed
1304 3788 1340 3840 ed

242 3853 406 3909 Thessaliam
424 3863 451 3909 et
469 3872 512 3907 ren
527 3853 565 3908 ibi
583 3862 670 3923 genten
692 3864 856 3911 convertetur
869 3856 969 3922 orntio,
985 3861 1015 3908 ut
1028 3855 1079 3908 illie
1091 3873 1193 3926 quoque
1205 3856 1340 3925 explioetie

242 3920 277 3974 ed
290 3922 386 3977 maiore
399 3932 428 3977 et
440 3922 560 3993 merione
571 3926 952 3981 commemorandeneeedemnn.
977 3925 1162 3979 Theeeelorurn
1173 3931 1201 3977 et
1214 3924 1340 3992 Pelago-

242 4006 298 4045 rum
317 3992 486 4064 principatum
507 3994 535 4046 in
554 3992 650 4047 loenne
663 3992 737 4053 uun
757 3996 865 4051 deuiieoe
877 3994 1001 4047 diximum
1018 3993 1063 4076 qui
1079 4000 1107 4046 et
1128 3993 1236 4048 iuvenili
1254 3998 1339 4047 aetate

243 4062 272 4113 et
290 4078 398 4131 corpore
414 4060 528 4123 morbido
549 4080 605 4117 enm
618 4068 702 4127 eruet,
719 4068 747 4119 et
759 4064 792 4117 iio
803 4064 837 4117 de
852 4064 937 4117 counio
949 4080 992 4115 ree
1002 4062 1040 4115 ibe
1051 4079 1184 4132 perpetem
1196 4062 1254 4131 geri
1265 4060 1338 4115 ride·

243 4134 293 4189 ret,
302 4130 415 4194 timebat,
424 4147 456 4183 ne
466 4146 551 4185 eorum
563 4132 608 4202 qui
618 4132 687 4185 inter
695 4132 810 4205 subditur
822 4134 929 4187 memore
941 4132 1086 4185 eminebunt
1097 4130 1192 4200 uliquis
1206 4149 1248 4185 ree
1259 4146 1340 4185 eom

243 4194 390 4275 moliretur,
406 4214 438 4249 ee
449 4215 567 4255 enmmem
578 4205 731 4270 potentem
745 4202 880 4272 τγτοοῶσο
903 4206 1049 4271 enumera.
1083 4199 1255 4263 Quemobren
1268 4198 1340 4266 lege-

242 4268 280 4315 tre
299 4262 335 4323 nd
351 4265 534 4336 imperatorem
553 4268 722 4327 Andronium
738 4270 822 4325 mimir
843 4272 946 4326 nothum
965 4268 1022 4325 niun
1037 4268 1117 4325 filium
1128 4269 1219 4325 lrenen
1233 4284 1336 4323 uxoren
