3017 4742
225 344 246 399 0
485 330 598 401 HlER.
620 330 786 403 WOLFll'
802 333 1062 407 PRAEFATIO.

225 490 308 554 dium
330 490 475 573 redegisse
490 492 712 570 cognovissem
733 510 773 551 ex
784 488 957 572 Augustam
969 494 1150 559 bibliotheca
1162 496 1241 558 illud
1249 518 1326 581 opus

225 602 380 675 acceptum
407 594 535 675 perlegis
558 601 589 655 et
614 614 691 675 ques
720 614 784 655 non
809 594 930 657 inutilia
955 598 1152 677 videbantur,
1185 610 1328 682 excerpta

226 696 373 775 Gregorse
385 697 496 758 adieci:
517 715 574 774 ne,
594 697 693 776 quoad
706 717 825 779 possem
837 708 868 761 et
879 699 999 776 liceret,
1019 700 1170 764 voluntati
1184 708 1255 761 tuae
1277 712 1329 762 st·

224 819 283 881 que
301 798 402 859 officio
421 819 487 860 meo
505 800 646 859 dossum.
686 798 732 859 dc
746 799 835 879 plura
851 819 922 860 sana
934 801 1134 881 cossegissnn,
1154 802 1214 863 nisi
1229 804 1257 863 is
1272 823 1329 863 oo·

224 902 284 965 dex
293 910 323 962 et
332 900 484 983 principio
498 901 594 962 etline
605 900 741 977 mutilus,
753 900 788 959 iu
794 901 893 962 medio
901 902 992 963 etiam
999 903 1115 986 aliquot
1124 904 1207 964 foliis
1215 908 1329 986 partim

223 1003 361 1081 exsectis,
369 1001 481 1083 partim
494 999 617 1063 inerinis
630 1000 830 1086 fluctibus(nt
841 1003 962 1088 opinor)
973 1006 1156 1085 madefactis,
1171 1016 1203 1067 et
1215 1006 1329 1068 litteris

223 1115 372 1169 vstmtste
383 1106 627 1184 exolescentibus,
642 1106 740 1167 studio
751 1126 819 1167 meo
830 1116 861 1167 et
875 1108 972 1167 oculis
979 1107 1122 1170 dintmna
1133 1110 1198 1170 fere
1211 1117 1242 1169 et
1255 1130 1330 1191 per-

223 1218 315 1293 petua
332 1208 460 1269 lectione
479 1230 516 1269 ec
531 1208 695 1291 scriptione
711 1208 796 1269 iessia
811 1218 841 1269 et
855 1206 1000 1270 hebetatis
1013 1210 1206 1273 vehomenter
1221 1211 1332 1273 adser-

223 1320 307 1373 sstus
318 1321 404 1389 esset,
418 1321 505 1392 atque
515 1310 774 1375 incommodassat
797 1310 1067 1393 Glsalcoeoudylsn
1080 1322 1181 1374 autem
1193 1331 1267 1373 suus
1277 1311 1332 1371 in·

97 1433 102 1442 ·
223 1424 350 1495 terpres,
372 1434 431 1495 qus
445 1422 491 1473 est
504 1413 641 1475 docmina
655 1422 686 1473 et
700 1413 880 1493 eloquentia,
895 1414 938 1477 ita
955 1415 1192 1494 commendabit,
1213 1424 1249 1475 ut
1268 1415 1334 1474 mi-

225 1516 259 1579 bi
273 1518 345 1577 satia
356 1536 440 1577 nunc
452 1535 515 1577 esse
528 1516 650 1594 debeat,
671 1514 697 1575 si
711 1515 828 1577 labores
847 1516 882 1577 hi
904 1515 965 1577 mei
978 1515 1123 1597 aequitati
1140 1526 1172 1578 et
1192 1517 1333 1579 liberali-

225 1620 282 1680 tati
298 1630 369 1681 tuse
388 1618 588 1679 commendati
606 1616 736 1696 fuerint,
762 1626 794 1677 et
813 1618 942 1699 probati.
982 1618 1134 1697 Augustae
1153 1620 1334 1681 Vindelico·-

226 1740 307 1798 rum,
322 1720 468 1802 postridie
484 1720 545 1779 Cal.
560 1717 703 1796 Ianuarii,
724 1718 797 1777 enni
809 1740 828 1778 a
842 1718 954 1781 cbriafi
967 1722 1130 1781 servatoris
1144 1719 1335 1783 humanitate

227 1844 336 1885 smusx.
352 1842 441 1903 quem
453 1821 511 1881 tibi
526 1820 645 1901 tuisque
664 1828 695 1881 et
710 1821 770 1883 toti
786 1821 853 1882 orbi
868 1832 1017 1883 turer-um
1037 1832 1191 1904 pacatum,
1212 1824 1335 1885 ielioeua

228 1944 265 1985 ao
277 1925 424 2000 faustum,
446 1944 485 1983 ex
499 1922 598 1983 auimo
609 1941 726 2002 precor.
768 1924 857 1985 Faxit
871 1924 947 1985 Deus
961 1924 1034 2005 Opt.
1050 1924 1142 2001 Max,
1162 1934 1199 1985 ut
1218 1924 1335 1983 Feros-

228 2046 320 2087 aaaur
334 2025 426 2105 primi
438 2023 580 2103 Augusti,
599 2023 794 2104 Imperatoris
810 2046 846 2086 se
857 2026 973 2087 domini
991 2028 1088 2087 nostri
1100 2024 1334 2103 clementissimi,

228 2126 262 2189 in
278 2128 382 2189 urbem
398 2126 495 2203 hanc,
518 2127 557 2187 ob
578 2125 766 2204 gravissimas
787 2126 825 2187 de
836 2128 959 2211 Imperii
981 2127 1072 2189 rebus
1094 2127 1333 2205 deliberationes,

195 2278 196 2285 ,
226 2228 377 2309 ingressus
392 2228 460 2312 (sub
474 2230 506 2289 id
518 2240 635 2309 tempus
657 2246 716 2307 quo
732 2228 832 2309 pacis,
852 2230 1031 2291 concordiae
1050 2240 1081 2291 et
1102 2229 1202 2291 mutui
1222 2228 1338 2291 amoris

228 2332 337 2392 doctor
344 2340 375 2391 et
386 2331 558 2411 exemplum
570 2331 717 2391 Curram
732 2328 827 2407 Issos,
839 2343 965 2415 propter
970 2334 1098 2397 salutem
1109 2331 1234 2393 humani
1240 2351 1339 2411 geue-

110 2456 116 2467 ·
227 2434 281 2512 ris,
306 2434 492 2494 munimntum
508 2433 665 2493 &unitate
676 2452 741 2509 sua,
762 2432 853 2493 lromo
866 2437 950 2496 nasei
962 2434 1084 2517 voluit),
1098 2435 1234 2496 omnium
1245 2434 1338 2514 prin-

228 2536 350 2618 cipum,
372 2536 506 2596 omnium
519 2532 676 2595 hominum
690 2534 805 2595 animos
820 2557 836 2594 a
852 2537 979 2618 privatis
992 2536 1209 2618 cupiditatibus
1222 2536 1261 2595 ad
1274 2554 1338 2595 cu-

226 2658 294 2701 ram
310 2638 449 2721 publicae
462 2636 583 2713 salutis,
606 2658 624 2695 a
645 2636 722 2697 luxu
745 2647 776 2698 et
799 2642 970 2722 corruptela
990 2659 1111 2700 morum
1127 2638 1168 2699 ad
1186 2637 1340 2698 sobrieta-

227 2741 440 2803 semetrius
463 2740 683 2821 integritatem,
705 2743 741 2804 ab
767 2744 843 2805 odiis
864 2753 895 2805 et
914 2741 1118 2804 simultatibus
1141 2740 1182 2799 ad
1203 2758 1340 2799 conseer·

229 2842 311 2903 diens
332 2853 363 2904 et
384 2862 531 2921 amorem,
560 2863 579 2901 a
606 2843 682 2905 rixis
703 2855 734 2906 et
759 2846 1012 2927 disputationibus
1030 2845 1070 2905 sd
1088 2861 1195 2908 verum
1218 2841 1341 2901 cultum

227 2945 396 3025 taligiomm
417 2966 435 3005 a
449 2944 535 3007 bellis
559 2954 591 3006 et
603 2945 693 3007 armis
707 2948 746 3008 sd
756 2947 875 3009 firmam
889 2957 921 3008 et
933 2954 1120 3007 constantem
1133 2962 1239 3026 pacem
1254 2962 1341 3003 con-

230 3056 339 3109 vertat.
411 3106 413 3111 .

318 3150 411 3212 Cuius
424 3152 491 3213 voti
502 3150 530 3211 si
544 3171 600 3212 nos
613 3150 716 3213 divina
728 3151 891 3213 liberalitas
907 3150 1024 3229 (merita
1038 3148 1118 3210 anim
1132 3158 1235 3208 nosue
1248 3146 1342 3207 nulla

231 3254 367 3334 profecto
392 3254 505 3314 iactare
521 3274 682 3335 possumus
690 3300 700 3332 ,
721 3274 780 3314 nec
792 3255 892 3313 minus
908 3251 1143 3333 indignissimus
1162 3251 1266 3311 divino
1281 3266 1342 3309 au-

231 3353 308 3415 xilio
322 3375 410 3435 quem
426 3354 540 3437 indigi)
563 3366 714 3436 compotes
730 3356 911 3434 reddiderit,
932 3356 971 3417 iis
990 3354 1102 3415 erunns
1119 3352 1341 3429 formidabiles,

233 3458 370 3537 aquibus
382 3478 479 3535 nuuc,
501 3479 564 3517 non
577 3458 642 3517 aliis
658 3457 695 3519 ds
718 3458 817 3519 causis
828 3478 917 3539 quam
932 3468 1058 3540 propter
1082 3464 1257 3535 corruptam
1279 3450 1343 3511 di-

232 3561 401 3642 sciplinasn,
423 3570 453 3621 et
466 3562 609 3621 intestina
623 3560 711 3638 bella,
733 3582 789 3643 per
804 3571 1009 3643 contemptum
1026 3576 1243 3642 oppugnamur,
1266 3572 1342 3615 caa-

230 3664 342 3743 dimur,
364 3664 398 3723 in
411 3664 629 3726 acerbissimam
645 3664 821 3726 servitutem
834 3665 1021 3742 abducimur,
1043 3664 1122 3724 etin
1136 3678 1267 3721 summas
1278 3676 1343 3717 an·

230 3768 343 3848 gustias
358 3768 471 3829 redacti
485 3770 690 3850 prodigamur.
733 3768 888 3848 Quicquid
908 3768 987 3829 enim
1004 3764 1206 3827 calamitatum
1221 3781 1257 3821 ac
1271 3759 1343 3819 cla-

231 3870 317 3932 dium
323 3872 372 3955 (ut
380 3872 417 3932 da
427 3870 493 3932 eliis
503 3870 676 3933 Christianis
683 3872 847 3953 provinciis
858 3868 985 3952 taceam)
994 3865 1163 3929 Pannoniae
1169 3863 1344 3946 patiuntur,

230 3971 264 4031 id
288 3976 328 4035 ad
346 3998 400 4037 nos
426 3995 545 4058 quoque
569 3996 607 4035 ex
633 3994 727 4055 aequo
747 3974 899 4055 pertinere
924 3974 1031 4034 merito
1057 3970 1236 4031 indicamus.
1277 3966 1342 4026 lies

149 4076 157 4085 '
233 4074 480 4161 enimproiacto,
501 4081 561 4141 imo
583 4080 664 4140 salus
680 4087 785 4139 nostra
799 4097 881 4138 nuuc
894 4077 1005 4156 agitsu,
1025 4074 1124 4157 paries
1139 4091 1209 4134 cum
1227 4068 1344 4152 proxi-

211 4221 217 4231 ·
234 4200 302 4243 mus
317 4182 410 4246 ardet.
