3017 4742
356 313 592 385 HISTORIAE
611 314 889 386 BYZANTINAE
909 317 950 391 X
968 329 1000 394 6.
1129 306 1204 384 493

126 486 165 570 τῷ
176 477 208 546 τὸ
223 475 358 566 σάνηθες
376 481 427 546 καλ
444 479 598 562 βασάειον
612 481 838 566 μεγαλοπρεπές
853 479 1049 569 διατήρησιν.
1075 486 1208 569 μίμησαι
1252 496 1281 548 t
1298 501 1327 548 c.

125 581 386 667 staineinaim
405 584 515 667 ίκείνης
529 584 667 667 γενναίας
683 590 788 667 ψυχῆς
800 584 859 667 τὴν
879 584 1067 672 στερρότητα
1075 635 1087 668 ,
1114 586 1135 672 ἣ
1157 587 1208 654 διά
1256 566 1324 685 Ιέἓδ

123 686 189 762 τσδς
200 685 275 772 πρὸς
286 686 341 762 τὸν
354 685 429 751 θεὸν
443 683 636 768 ἀκμάζοντας
649 684 766 772 ἔρωτας
772 734 783 766 ,
812 685 867 762 οὓς
882 686 1064 774 ἀπορρήτοις
1079 689 1204 772 ἔβοσκεν
1254 700 1323 758 1341
1357 696 1361 708 ”

123 787 153 852 ίν
170 789 275 878 καρδίᾳ
291 785 385 854 πάλαι
400 788 496 854 notaio
508 787 568 872 ἤδη
585 786 640 854 τὸν
652 785 781 873 χρόνον,
810 788 869 876 ἀφ’
887 781 924 855 οὗ
938 797 995 874 τῆς
1007 799 1070 859 τῶν
1084 773 1371 879 φυσάν-ῂίωῐω·

97 906 178 961 ὅταν
192 889 312 958 διέσωσε
325 889 417 976 δόξης
430 889 527 975 αὐτὴν
535 939 546 970 ,
574 891 781 974 ἓπιλαθομένη
796 893 853 972 μέν
867 890 1010 974 σώματος
1014 944 1025 976 ,
1052 897 1204 962 ἐπιλαθο-

116 994 188 1076 μέιη
210 994 244 1058 δὲ
265 991 364 1078 δόξης
376 997 427 1058 καὶ
448 990 564 1075 ιίάσμου
587 997 748 1074 βασιλικοῦ
769 997 820 1057 καὶ
843 992 878 1060 τά
899 994 1021 1062 πάντων
1040 993 1238 1086 άπέρτερονῦ

116 1096 317 1178 ε’πιλαθσμένη
331 1102 388 1162 σοῦ
405 1101 462 1161 τοῦ
479 1090 628 1182 φιλτάτου
637 1143 648 1176 ,
677 1085 702 1183 ᾧ
720 1092 835 1176 κόσμος
856 1098 950 1182 ε’κείνη
962 1106 1023 1176 πῶς
1034 1100 1091 1184 οὐχ
1107 1097 1209 1185 ὖιιῆρ-

111 1223 165 1281 χεν
178 1195 327 1277 ἀντάξιος,
343 1197 454 1284 έδραμε
467 1199 524 1278 μέν
537 1195 613 1284 πρὸς
626 1194 717 1264 θεόν·
745 1196 858 1283 έδραμε
872 1199 906 1263 δὲ
917 1199 994 1286 πρὸς
1010 1202 1204 1284 τὸνβασιλέα
1219 1217 1254 1272 V.
1266 1211 1319 1272 246

115 1302 166 1364 καλ
189 1297 334 1385 σάζυγον,
363 1299 420 1383 onix
440 1299 487 1366 ὅτι
508 1297 651 1384 σάζυγος,
678 1299 751 1364 ἀλλ’
775 1298 821 1366 ὅτι
843 1301 887 1365 δι’
905 1303 1017 1368 ἐκεῖνον
1036 1305 1068 1380 ές
1089 1305 1130 1371 τά
1150 1313 1207 1391 τῆς

72 1405 106 1460 10
114 1401 298 1488 σ’ρθυδοξίας
317 1401 469 1486 άκίβδηλα
486 1400 724 1490 μετακεχωρήκει
744 1399 886 1486 νάματα·
911 1408 962 1470 καί
976 1407 1003 1470 εί
1011 1407 1073 1492 χρὴ
1086 1407 1131 1492 μὴ
1149 1415 1206 1473 λυ-

110 1501 271 1588 μήνασθαι
287 1503 343 1588 τὴν
358 1502 524 1589 ἀλήθειαν,
551 1503 663 1592 έδραμε
679 1505 759 1592 πρὸς
776 1507 832 1573 τὸν
853 1507 972 1594 πατέρα
992 1511 1044 1574 καὶ
1062 1510 1204 1593 βασιλέα,

108 1607 165 1673 τάν
186 1613 242 1691 τῆς
263 1605 448 1696 ὄρθοδοξίας
468 1607 547 1694 αὐτῇ
570 1606 767 1675 καταστάντα
794 1606 994 1676 διδάσκαλον·
1030 1609 1065 1687 ὃς
1085 1619 1207 1698 πρῶτος

108 1710 224 1793 ἐκείνην
245 1697 360 1776 ίκεΐθεν
381 1706 423 1787 ῶς
442 1707 534 1798 ῥόδον
547 1709 691 1795 λαμπράν
704 1711 738 1776 ἐκ
752 1719 868 1795 πικρῶν
884 1712 1033 1780 ἀκανθῶν
1051 1715 1206 1790 ἐξελέξατο

106 1815 159 1877 καί
175 1807 218 1888 ῶς
227 1812 344 1898 χρυσὸν
365 1812 508 1900 καθαράν
526 1813 560 1877 ἐκ
575 1810 735 1895 μετάλλων
750 1812 904 1898 κιβδήλων
921 1813 1072 1902 άνιάρυξε,
1099 1823 1161 1883 πᾶν
1179 1817 1236 1886 είΈ

68 1925 136 1980 15τι
156 1911 378 2002 λιθαργάρινάν
399 1941 431 1980 τε
453 1917 504 1979 καὶ
518 1912 727 2002 χολοβάρινον
742 1908 780 2000 ἦν
804 1917 869 1982 ἒκεῖ
881 1924 1145 1986 καταλελοιπυῖαν.
1179 1923 1206 1984 εί

103 2019 139 2082 δι’
158 2016 218 2100 τὴν
238 2018 351 2100 ἐκείνης
374 2017 430 2083 οὐκ
451 2015 525 2100 λ’χεις
546 2015 746 2103 μιμήσασθαι
769 2021 948 2105 καρτερίαν,
974 2020 1046 2086 ἄλλ’
1069 2014 1124 2087 οὖν
1142 2027 1206 2088 τῶν

101 2116 201 2185 πάλαι
214 2119 367 2204 βασιλέων
385 2120 458 2196 τοὺς
476 2122 636 2195 πλείστους
648 2119 726 2203 μετά
740 2125 856 2187 τιολλοῦ
871 2128 927 2187 ταῶ
945 2126 1103 2204 βελτίονος
1114 2130 1207 2190 ναῶν

99 2223 328 2312 φιλανθρωπίᾳ
353 2225 404 2288 καί
425 2219 582 2309 ἱλαρότητι
601 2222 679 2310 πρὸς
708 2223 785 2299 roric
810 2226 978 2302 πταίοντας
1001 2229 1126 2310 νίκηοσν
1153 2230 1206 2292 καί

1232 843 1342 893 lenioris.

97 2331 139 2412 τῇ
162 2324 245 2411 πρὸς
265 2325 321 2400 τάς
342 2321 442 2401 λάπας
461 2331 606 2412 βασιλικῇ
629 2327 773 2419 καρτερίᾳ
793 2329 880 2393 δυοῖν
903 2328 1004 2393 ἕνεκα·
1028 2331 1082 2396 ίνα
1103 2355 1136 2395 τε
1159 2335 1203 2418 τῷ

68 2430 260 2516 οκαλλίστιρ
279 2430 330 2493 καί
347 2431 472 2517 ποικίλῳ
488 2453 546 2494 σου
560 2429 666 2516 πέπλῳ
681 2435 743 2494 τῶν
753 2435 882 2515 μακρῶν
895 2429 1026 2515 άγαθῶν
1040 2433 1093 2498 καί
1109 2438 1234 2500 aaaron

93 2536 207 2606 καλῶς
227 2530 375 2618 ἐπιπρέπῃ
380 2579 392 2611 ,
418 2527 560 2617 καθάπερ
577 2531 610 2596 ἓν
624 2529 752 2596 ἄνθεσιν
774 2530 875 2608 άνθος
889 2529 1004 2619 ῶραῖον
1020 2534 1077 2600 κάν
1099 2538 1203 2612 λίθοις

92 2631 283 2700 πολυτελέσι
313 2634 404 2708 λίθος
425 2629 605 2720 άπίρτιμσς,
638 2634 690 2697 καλ
713 2634 768 2698 ἵνα
796 2635 905 2711 τελέαις
926 2646 992 2713 τοῖς
1010 2634 1108 2704 ἅπασι
1129 2637 1212 2724 βρί-’

91 2744 173 2805 θεον
197 2741 303 2810 καλοῖς
316 2736 349 2801 ἓν
364 2740 403 2825 τῇ
419 2741 506 2827 σειρᾷ
518 2740 581 2801 τῶν
595 2733 655 2824 πρὸ
669 2741 726 2802 σσῦ
740 2736 1004 2820 βεβασιλευκάτων
1020 2739 1115 2816 αὐτὸς
1133 2741 1201 2804 tm-

170 2901 202 2954 8.
228 2895 279 2952 τᾶν
301 2914 350 2953 om.
374 2898 407 2953 A.
479 2899 505 2953 5.
528 2895 637 2964 διίζωσε
657 2894 740 2970 δόξαν
759 2897 861 2969 ἑαυτὴν
878 2901 921 2953 W.
938 2899 967 2953 in
982 2916 1033 2970 mg.
1107 2901 1134 2956 9.
1154 2898 1203 2957 καί

167 2966 235 3022 add.
252 2971 284 3021 Δ.
353 2969 396 3025 15.
411 2964 583 3040 γολοβάφιον
599 2972 631 3024 Α.
707 2973 750 3025 21.
767 2968 897 3042 ἐπιτρέπῃ
914 2971 958 3025 W.

84 3119 298 3194 imperatoriam
310 3119 521 3189 magnificentiam
534 3123 653 3177 retineto.
674 3123 779 3178 Imitare
789 3123 926 3176 defunctae
937 3121 1007 3176 illiue
1016 3121 1136 3194 generosi
1143 3124 1200 3177 ani-

84 3195 126 3246 mi
143 3187 333 3253 constantiam,
345 3207 412 3258 quae
422 3201 528 3260 propter
539 3193 669 3246 ardentem
677 3191 727 3246 Dei
739 3209 846 3245 amorem
856 3192 942 3262 (qnam
953 3191 1029 3262 longo
1041 3192 1090 3245 iam
1102 3199 1201 3262 tempo-

83 3279 136 3324 re,
164 3276 202 3313 ex
218 3276 268 3330 qno
281 3259 449 3328 perniciosam
461 3268 594 3328 parentum
605 3261 747 3331 opinionem
763 3269 897 3324 numerat,
914 3261 1004 3313 intimo
1023 3261 1101 3314 corde
1120 3263 1200 3318 tacita

80 3331 201 3396 aiebat)
217 3327 335 3397 corporis
348 3327 444 3391 oblita,
457 3328 537 3382 oblita
549 3330 646 3399 gloriae
653 3337 681 3384 et
688 3329 848 3400 imperatorii
855 3329 1013 3399 splendoria3
1029 3330 1068 3383 tui
1079 3331 1201 3402 deniqne,

79 3398 253 3468 quodionge
264 3397 345 3450 maine
357 3403 405 3460 est,
417 3396 455 3449 tni
467 3397 568 3466 inquam
578 3399 710 3463 conranni,
723 3417 797 3469 quem
810 3399 852 3452 vel
862 3398 911 3452 toti
922 3405 1048 3452 terrarum
1058 3400 1115 3453 orbi
1122 3418 1200 3471 prae-

77 3467 213 3530 tulisset,
227 3466 316 3533 oblita,
328 3465 360 3518 ad
368 3465 448 3518 Deum
455 3467 575 3532 accurrit,
584 3468 616 3520 ad
623 3467 801 3538 Imperatorem
808 3468 956 3522 etmaritum
962 3469 1073 3522 accurit:
1083 3471 1202 3540 nunquia

76 3537 210 3589 maritus
222 3535 281 3599 init,
293 3533 340 3588 red
351 3535 412 3605 quia
422 3552 468 3605 per
480 3535 550 3588 illum
564 3535 717 3591 adrineeroa
730 3537 838 3590 sanioris
849 3536 974 3606 dogmatis
983 3538 1067 3591 iontee
1073 3539 1201 3608 perducta

75 3606 196 3658 fuerat.
221 3602 299 3664 Quod
310 3604 333 3657 ei
344 3604 414 3657 nulla
424 3603 531 3657 veritati
542 3605 611 3658 iruna
623 3605 741 3660 facienda
754 3613 802 3669 ent,
814 3605 847 3658 ad
859 3617 957 3675 patrem
964 3606 1144 3676 imperatorem
1155 3624 1201 3659 no-

75 3672 193 3734 cua-rit,
210 3671 255 3740 qui
270 3672 295 3724 ei
305 3689 383 3756 uerae
397 3674 486 3756 (λαοῖσι
498 3672 629 3756 religinnia
640 3675 698 3738 tuit,
717 3675 762 3746 qni
773 3675 870 3745 primur
883 3673 949 3728 iiiam
961 3674 1062 3758 indunt
1075 3677 1200 3755 nitentem

70 3739 1069 3883 ffifflffi¹uttttsttknt¹ttntss2¹1²,ffitt‘ttntiifflt
1084 3741 1199 3880 titii}

72 3878 172 3944 Quod
192 3876 218 3929 ai
231 3876 299 3930 illim
310 3878 476 3932 constantiam
487 3878 580 3934 imitari
600 3897 649 3933 non
683 3889 755 3934 oteae
772 3889 800 3935 nt
813 3888 928 3934 veterum
942 3881 1126 3950 Imperatorum
1141 3877 1198 3948 pla·

68 3963 191 4018 rosque
207 3944 317 4010 imitare,
335 3965 398 4018 quoa
411 3965 465 4000 cnm
477 3947 553 4017 longo
567 3899 702 4003 intervaiio
716 3949 873 4004 humanitate
883 3954 911 4003 et
923 3948 1058 4002 clementia
1071 3965 1134 4017 erga
1150 3948 1199 4001 de-

68 4019 245 4086 linquentes
257 4015 361 4082 vincat,
377 4017 453 4070 etiam
466 4017 632 4086 Imperatoria
652 4019 796 4072 constantin
817 4018 915 4071 vincito
933 4018 1031 4069 duabus
1052 4017 1085 4069 de
1103 4017 1199 4080 cannia,

68 4095 107 4140 nt
126 4101 168 4138 ex
186 4083 359 4166 pulcherrimo
370 4093 397 4138 et
412 4085 600 4140 maximavario
618 4087 754 4157 insignium
771 4089 893 4140 bonorum
907 4091 1009 4140 tuorum
1021 4087 1099 4155 popio
1120 4084 1198 4138 etiam

68 4157 151 4208 haec
170 4159 263 4206 virtue
275 4155 393 4219 emineat,
409 4157 480 4208 velut
496 4155 564 4208 inter
576 4157 681 4210 eximino
693 4157 770 4209 florea
784 4157 833 4209 flos
847 4153 964 4223 insignia,
981 4162 1008 4207 et
1018 4157 1087 4207 inter
1098 4154 1198 4222 pretio·

68 4241 122 4276 sas
142 4239 269 4289 gemmas
284 4240 381 4292 gemma
397 4223 598 4292 pretiosissimae
615 4232 644 4276 nt
657 4225 772 4295 periente
789 4224 862 4276 bonta
876 4223 991 4275 omnibus
1006 4223 1147 4276 cumulatur
1167 4223 1196 4276 in

68 4307 178 4347 eorum
195 4290 244 4362 qni
254 4299 313 4346 anta
325 4299 354 4348 te
365 4299 505 4362 regnarunt
519 4293 587 4347 aeria
602 4299 701 4348 tantum
720 4291 849 4358 αισιίλιιι,
866 4299 988 4363 quantum
1006 4291 1075 4346 inter
1096 4291 1197 4346 colores
