<?xml version="1.0" encoding="UTF-8"?>
<!DOCTYPE html PUBLIC "-//W3C//DTD XHTML 1.0 Transitional//EN"
    "http://www.w3.org/TR/xhtml1/DTD/xhtml1-transitional.dtd">
<html xmlns="http://www.w3.org/1999/xhtml" xml:lang="en" lang="en">
 <head>
  <title>
</title>
<meta http-equiv="Content-Type" content="text/html;charset=utf-8" />
  <meta name='ocr-system' content='tesseract 3.04.00' />
  <meta name='ocr-capabilities' content='ocr_page ocr_carea ocr_par ocr_line ocrx_word'/>
</head>
<body>
  <div class='ocr_page' id='page_1' title='image "./nicephorigregor08schogoog_0034.png"; bbox 0 0 3017 4742; ppageno 0'>
   <div class='ocr_carea' id='block_1_1' title="bbox 259 298 1197 389">
    <p class='ocr_par' dir='ltr' id='par_1_1' title="bbox 259 298 1197 389">
     <span class='ocr_line' id='line_1_1' title="bbox 259 298 1197 389; baseline 0.004 -22"><span class='ocrx_word' id='word_1_1' title='bbox 259 314 355 367; x_wconf 81' lang='lat' dir='ltr'><strong>mm</strong></span> <span class='ocrx_word' id='word_1_2' title='bbox 484 300 717 373; x_wconf 78' lang='lat' dir='ltr'><strong>memnon</strong></span> <span class='ocrx_word' id='word_1_3' title='bbox 738 298 978 372; x_wconf 72' lang='lat' dir='ltr'><strong>macoma</strong></span> <span class='ocrx_word' id='word_1_4' title='bbox 997 302 1116 374; x_wconf 76' lang='lat' dir='ltr'><strong>vnn.</strong></span> <span class='ocrx_word' id='word_1_5' title='bbox 1193 384 1197 389; x_wconf 12' lang='lat' dir='ltr'><em>I</em></span> 
     </span>
    </p>
   </div>
   <div class='ocr_carea' id='block_1_2' title="bbox 163 458 1354 2601">
    <p class='ocr_par' dir='ltr' id='par_1_2' title="bbox 163 458 1354 2071">
     <span class='ocr_line' id='line_1_2' title="bbox 163 458 1354 545; baseline -0.003 -20"><span class='ocrx_word' id='word_1_6' title='bbox 163 481 177 509; x_wconf 54' lang='lat' dir='ltr'><strong>a</strong></span> <span class='ocrx_word' id='word_1_7' title='bbox 258 461 379 545; x_wconf 78' lang='lat' dir='ltr'><strong>potuitt</strong></span> <span class='ocrx_word' id='word_1_8' title='bbox 399 459 452 522; x_wconf 88' lang='lat' dir='ltr'><strong>aad</strong></span> <span class='ocrx_word' id='word_1_9' title='bbox 466 469 497 521; x_wconf 90' lang='lat' dir='ltr'><strong>at</strong></span> <span class='ocrx_word' id='word_1_10' title='bbox 511 460 582 519; x_wconf 90' lang='lat' dir='ltr'><strong>illoa</strong></span> <span class='ocrx_word' id='word_1_11' title='bbox 596 460 695 522; x_wconf 81' lang='lat' dir='ltr'><strong>verbio</strong></span> <span class='ocrx_word' id='word_1_12' title='bbox 705 458 863 539; x_wconf 79' lang='lat' dir='ltr'><strong>cartigatoe</strong></span> <span class='ocrx_word' id='word_1_13' title='bbox 875 458 970 521; x_wconf 82' lang='lat' dir='ltr'><strong>officii</strong></span> <span class='ocrx_word' id='word_1_14' title='bbox 983 459 1153 540; x_wconf 77' lang='lat' dir='ltr'><strong>admonuit,</strong></span> <span class='ocrx_word' id='word_1_15' title='bbox 1174 467 1205 521; x_wconf 86' lang='lat' dir='ltr'><strong>et</strong></span> <span class='ocrx_word' id='word_1_16' title='bbox 1218 458 1354 522; x_wconf 72' lang='lat' dir='ltr'><strong>oblitam</strong></span> 
     </span>
     <span class='ocr_line' id='line_1_3' title="bbox 258 545 1352 626; baseline -0.001 -18"><span class='ocrx_word' id='word_1_17' title='bbox 258 548 404 609; x_wconf 85' lang='lat' dir='ltr'>honorem</span> <span class='ocrx_word' id='word_1_18' title='bbox 415 546 596 626; x_wconf 82' lang='lat' dir='ltr'><strong>repudiavit.</strong></span> <span class='ocrx_word' id='word_1_19' title='bbox 637 546 741 626; x_wconf 84' lang='lat' dir='ltr'><strong>ltaque</strong></span> <span class='ocrx_word' id='word_1_20' title='bbox 755 556 873 606; x_wconf 88' lang='lat' dir='ltr'><strong>creatua</strong></span> <span class='ocrx_word' id='word_1_21' title='bbox 886 546 1057 626; x_wconf 88' lang='lat' dir='ltr'><strong>patriarcba</strong></span> <span class='ocrx_word' id='word_1_22' title='bbox 1068 545 1232 606; x_wconf 80' lang='lat' dir='ltr'><strong>monachae</strong></span> <span class='ocrx_word' id='word_1_23' title='bbox 1241 547 1352 607; x_wconf 85' lang='lat' dir='ltr'><strong>mantia</strong></span> 
     </span>
     <span class='ocr_line' id='line_1_4' title="bbox 258 630 1352 712; baseline -0.002 -19"><span class='ocrx_word' id='word_1_24' title='bbox 258 632 356 705; x_wconf 76' lang='lat' dir='ltr'><strong>utho,</strong></span> <span class='ocrx_word' id='word_1_25' title='bbox 377 632 498 691; x_wconf 89' lang='lat' dir='ltr'><strong>nomina</strong></span> <span class='ocrx_word' id='word_1_26' title='bbox 524 630 679 708; x_wconf 74' lang='lat' dir='ltr'>Callistus,</span> <span class='ocrx_word' id='word_1_27' title='bbox 700 630 749 691; x_wconf 85' lang='lat' dir='ltr'><strong>vir</strong></span> <span class='ocrx_word' id='word_1_28' title='bbox 768 630 926 691; x_wconf 72' lang='lat' dir='ltr'>illiteratus</span> <span class='ocrx_word' id='word_1_29' title='bbox 947 642 979 691; x_wconf 89' lang='lat' dir='ltr'><strong>et</strong></span> <span class='ocrx_word' id='word_1_30' title='bbox 994 632 1272 712; x_wconf 79' lang='lat' dir='ltr'><strong>Acindynianorum</strong></span> <span class='ocrx_word' id='word_1_31' title='bbox 1291 630 1352 691; x_wconf 92' lang='lat' dir='ltr'><strong>bo-</strong></span> 
     </span>
     <span class='ocr_line' id='line_1_5' title="bbox 257 714 1353 797; baseline -0.005 -18"><span class='ocrx_word' id='word_1_32' title='bbox 257 718 311 779; x_wconf 82' lang='lat' dir='ltr'><strong>atie</strong></span> <span class='ocrx_word' id='word_1_33' title='bbox 319 717 488 777; x_wconf 73' lang='lat' dir='ltr'><strong>acerrimus.</strong></span> <span class='ocrx_word' id='word_1_34' title='bbox 509 714 599 775; x_wconf 82' lang='lat' dir='ltr'><strong>Anno</strong></span> <span class='ocrx_word' id='word_1_35' title='bbox 610 716 729 776; x_wconf 89' lang='lat' dir='ltr'><strong>demum</strong></span> <span class='ocrx_word' id='word_1_36' title='bbox 740 736 858 776; x_wconf 79' lang='lat' dir='ltr'><strong>raecum.</strong></span> <span class='ocrx_word' id='word_1_37' title='bbox 879 717 1111 793; x_wconf 81' lang='lat' dir='ltr'><strong>Cantacuaanuo,</strong></span> <span class='ocrx_word' id='word_1_38' title='bbox 1122 727 1157 778; x_wconf 91' lang='lat' dir='ltr'><strong>ut</strong></span> <span class='ocrx_word' id='word_1_39' title='bbox 1168 716 1353 797; x_wconf 77' lang='lat' dir='ltr'><strong>Acindynia.</strong></span> 
     </span>
     <span class='ocr_line' id='line_1_6' title="bbox 256 801 1352 883; baseline 0.001 -21"><span class='ocrx_word' id='word_1_40' title='bbox 256 803 304 863; x_wconf 91' lang='lat' dir='ltr'><strong>nia</strong></span> <span class='ocrx_word' id='word_1_41' title='bbox 325 802 513 862; x_wconf 78' lang='lat' dir='ltr'><strong>turbantibus</strong></span> <span class='ocrx_word' id='word_1_42' title='bbox 528 811 557 860; x_wconf 91' lang='lat' dir='ltr'><strong>et</strong></span> <span class='ocrx_word' id='word_1_43' title='bbox 575 801 934 883; x_wconf 77' lang='lat' dir='ltr'><strong>constantinopolitanam</strong></span> <span class='ocrx_word' id='word_1_44' title='bbox 953 802 1108 862; x_wconf 77' lang='lat' dir='ltr'><strong>eccleciam</strong></span> <span class='ocrx_word' id='word_1_45' title='bbox 1125 802 1352 863; x_wconf 68' lang='lat' dir='ltr'><strong>criminantibus</strong></span> 
     </span>
     <span class='ocr_line' id='line_1_7' title="bbox 255 886 1352 968; baseline -0.002 -19"><span class='ocrx_word' id='word_1_46' title='bbox 255 888 406 949; x_wconf 72' lang='lat' dir='ltr'><strong>silentium</strong></span> <span class='ocrx_word' id='word_1_47' title='bbox 418 888 600 967; x_wconf 86' lang='lat' dir='ltr'><strong>imponeret,</strong></span> <span class='ocrx_word' id='word_1_48' title='bbox 619 886 768 965; x_wconf 74' lang='lat' dir='ltr'><strong>synodum</strong></span> <span class='ocrx_word' id='word_1_49' title='bbox 783 907 949 947; x_wconf 83' lang='lat' dir='ltr'><strong>convocare</strong></span> <span class='ocrx_word' id='word_1_50' title='bbox 961 888 1068 948; x_wconf 90' lang='lat' dir='ltr'><strong>atatuit</strong></span> <span class='ocrx_word' id='word_1_51' title='bbox 1081 886 1118 968; x_wconf 83' lang='lat'><strong>¹),</strong></span> <span class='ocrx_word' id='word_1_52' title='bbox 1138 898 1169 947; x_wconf 90' lang='lat' dir='ltr'><strong>at</strong></span> <span class='ocrx_word' id='word_1_53' title='bbox 1181 909 1245 948; x_wconf 91' lang='lat' dir='ltr'><strong>non</strong></span> <span class='ocrx_word' id='word_1_54' title='bbox 1257 908 1352 948; x_wconf 87' lang='lat' dir='ltr'><strong>oecu-</strong></span> 
     </span>
     <span class='ocr_line' id='line_1_8' title="bbox 255 973 1352 1052; baseline 0 -19"><span class='ocrx_word' id='word_1_55' title='bbox 255 973 413 1049; x_wconf 85' lang='lat' dir='ltr'><strong>menicam,</strong></span> <span class='ocrx_word' id='word_1_56' title='bbox 432 982 468 1031; x_wconf 90' lang='lat' dir='ltr'><strong>ut</strong></span> <span class='ocrx_word' id='word_1_57' title='bbox 482 992 568 1051; x_wconf 87' lang='lat' dir='ltr'><strong>aaepe</strong></span> <span class='ocrx_word' id='word_1_58' title='bbox 586 980 616 1030; x_wconf 88' lang='lat' dir='ltr'><strong>et</strong></span> <span class='ocrx_word' id='word_1_59' title='bbox 631 973 690 1031; x_wconf 89' lang='lat' dir='ltr'><strong>iam</strong></span> <span class='ocrx_word' id='word_1_60' title='bbox 705 973 824 1051; x_wconf 71' lang='lat' dir='ltr'><strong>pridem</strong></span> <span class='ocrx_word' id='word_1_61' title='bbox 836 973 989 1052; x_wconf 70' lang='lat' dir='ltr'><strong>pollicitus</strong></span> <span class='ocrx_word' id='word_1_62' title='bbox 1001 975 1108 1035; x_wconf 77' lang='lat' dir='ltr'><strong>fuerat.</strong></span> <span class='ocrx_word' id='word_1_63' title='bbox 1138 974 1294 1052; x_wconf 82' lang='lat' dir='ltr'><strong>Gregoraa,</strong></span> <span class='ocrx_word' id='word_1_64' title='bbox 1316 992 1352 1033; x_wconf 88' lang='lat' dir='ltr'><strong>ea</strong></span> 
     </span>
     <span class='ocr_line' id='line_1_9' title="bbox 255 1057 1350 1140; baseline -0.004 -19"><span class='ocrx_word' id='word_1_65' title='bbox 255 1079 289 1121; x_wconf 90' lang='lat' dir='ltr'><strong>re</strong></span> <span class='ocrx_word' id='word_1_66' title='bbox 300 1059 411 1133; x_wconf 89' lang='lat' dir='ltr'><strong>audita,</strong></span> <span class='ocrx_word' id='word_1_67' title='bbox 434 1057 573 1137; x_wconf 85' lang='lat' dir='ltr'><strong>privatim</strong></span> <span class='ocrx_word' id='word_1_68' title='bbox 589 1057 677 1117; x_wconf 92' lang='lat' dir='ltr'><strong>illum</strong></span> <span class='ocrx_word' id='word_1_69' title='bbox 695 1059 846 1133; x_wconf 84' lang='lat' dir='ltr'><strong>convenit,</strong></span> <span class='ocrx_word' id='word_1_70' title='bbox 867 1067 957 1137; x_wconf 85' lang='lat' dir='ltr'><strong>atque</strong></span> <span class='ocrx_word' id='word_1_71' title='bbox 971 1069 1005 1119; x_wconf 91' lang='lat' dir='ltr'><strong>ut</strong></span> <span class='ocrx_word' id='word_1_72' title='bbox 1020 1079 1059 1118; x_wconf 93' lang='lat' dir='ltr'><strong>ne</strong></span> <span class='ocrx_word' id='word_1_73' title='bbox 1073 1058 1220 1140; x_wconf 76' lang='lat' dir='ltr'><strong>episcopia</strong></span> <span class='ocrx_word' id='word_1_74' title='bbox 1233 1058 1350 1139; x_wconf 82' lang='lat' dir='ltr'><strong>paucio,</strong></span> 
     </span>
     <span class='ocr_line' id='line_1_10' title="bbox 254 1142 1351 1224; baseline 0 -21"><span class='ocrx_word' id='word_1_75' title='bbox 254 1143 349 1223; x_wconf 72' lang='lat' dir='ltr'><strong>iisque</strong></span> <span class='ocrx_word' id='word_1_76' title='bbox 368 1143 527 1202; x_wconf 85' lang='lat' dir='ltr'><strong>maximam</strong></span> <span class='ocrx_word' id='word_1_77' title='bbox 551 1152 665 1223; x_wconf 88' lang='lat' dir='ltr'><strong>partem</strong></span> <span class='ocrx_word' id='word_1_78' title='bbox 686 1142 832 1220; x_wconf 78' lang='lat' dir='ltr'><strong>indoctis,</strong></span> <span class='ocrx_word' id='word_1_79' title='bbox 860 1142 1005 1203; x_wconf 88' lang='lat' dir='ltr'><strong>iudicium</strong></span> <span class='ocrx_word' id='word_1_80' title='bbox 1029 1143 1230 1224; x_wconf 87' lang='lat' dir='ltr'><strong>permitteret,</strong></span> <span class='ocrx_word' id='word_1_81' title='bbox 1262 1143 1351 1203; x_wconf 87' lang='lat' dir='ltr'><strong>enixe</strong></span> 
     </span>
     <span class='ocr_line' id='line_1_11' title="bbox 255 1228 1351 1307; baseline -0.002 -18"><span class='ocrx_word' id='word_1_82' title='bbox 255 1228 424 1289; x_wconf 83' lang='lat' dir='ltr'><strong>contendit:</strong></span> <span class='ocrx_word' id='word_1_83' title='bbox 445 1237 512 1287; x_wconf 88' lang='lat' dir='ltr'><strong>tum</strong></span> <span class='ocrx_word' id='word_1_84' title='bbox 532 1248 571 1287; x_wconf 89' lang='lat' dir='ltr'><strong>ne</strong></span> <span class='ocrx_word' id='word_1_85' title='bbox 585 1228 679 1289; x_wconf 87' lang='lat' dir='ltr'><strong>errori</strong></span> <span class='ocrx_word' id='word_1_86' title='bbox 694 1228 921 1307; x_wconf 79' lang='lat' dir='ltr'><strong>auffragarctur,</strong></span> <span class='ocrx_word' id='word_1_87' title='bbox 943 1229 1046 1287; x_wconf 87' lang='lat' dir='ltr'><strong>multia</strong></span> <span class='ocrx_word' id='word_1_88' title='bbox 1058 1229 1225 1289; x_wconf 89' lang='lat' dir='ltr'><strong>rationibua</strong></span> <span class='ocrx_word' id='word_1_89' title='bbox 1247 1229 1351 1287; x_wconf 87' lang='lat' dir='ltr'><strong>deter-</strong></span> 
     </span>
     <span class='ocr_line' id='line_1_12' title="bbox 253 1311 1350 1394; baseline -0.005 -18"><span class='ocrx_word' id='word_1_90' title='bbox 253 1334 319 1376; x_wconf 84' lang='lat' dir='ltr'><strong>rere</strong></span> <span class='ocrx_word' id='word_1_91' title='bbox 332 1314 432 1394; x_wconf 85' lang='lat' dir='ltr'><strong>ipaum</strong></span> <span class='ocrx_word' id='word_1_92' title='bbox 446 1324 569 1373; x_wconf 78' lang='lat' dir='ltr'><strong>conatur</strong></span> <span class='ocrx_word' id='word_1_93' title='bbox 582 1322 635 1373; x_wconf 88' lang='lat' dir='ltr'><strong>eat.</strong></span> <span class='ocrx_word' id='word_1_94' title='bbox 663 1313 721 1372; x_wconf 86' lang='lat' dir='ltr'><strong>Sed</strong></span> <span class='ocrx_word' id='word_1_95' title='bbox 734 1314 824 1392; x_wconf 85' lang='lat' dir='ltr'><strong>longa</strong></span> <span class='ocrx_word' id='word_1_96' title='bbox 838 1323 868 1372; x_wconf 89' lang='lat' dir='ltr'><strong>et</strong></span> <span class='ocrx_word' id='word_1_97' title='bbox 882 1333 984 1392; x_wconf 79' lang='lat' dir='ltr'><strong>aspera</strong></span> <span class='ocrx_word' id='word_1_98' title='bbox 998 1314 1199 1373; x_wconf 88' lang='lat' dir='ltr'><strong>admonitione</strong></span> <span class='ocrx_word' id='word_1_99' title='bbox 1212 1311 1244 1392; x_wconf 61' lang='grc' dir='ltr'><strong>Ξ)</strong></span> <span class='ocrx_word' id='word_1_100' title='bbox 1270 1312 1350 1371; x_wconf 88' lang='lat' dir='ltr'><strong>nihil</strong></span> 
     </span>
     <span class='ocr_line' id='line_1_13' title="bbox 252 1396 1350 1481; baseline -0.002 -22"><span class='ocrx_word' id='word_1_101' title='bbox 252 1400 396 1481; x_wconf 86' lang='lat' dir='ltr'><strong>profecit:</strong></span> <span class='ocrx_word' id='word_1_102' title='bbox 416 1399 507 1458; x_wconf 86' lang='lat' dir='ltr'><strong>immo</strong></span> <span class='ocrx_word' id='word_1_103' title='bbox 524 1396 676 1457; x_wconf 89' lang='lat' dir='ltr'><strong>bominem</strong></span> <span class='ocrx_word' id='word_1_104' title='bbox 698 1398 823 1476; x_wconf 77' lang='lat' dir='ltr'><strong>magica</strong></span> <span class='ocrx_word' id='word_1_105' title='bbox 844 1418 875 1456; x_wconf 85' lang='lat' dir='ltr'><strong>ae</strong></span> <span class='ocrx_word' id='word_1_106' title='bbox 890 1398 1040 1459; x_wconf 81' lang='lat' dir='ltr'><strong>alienavit.</strong></span> <span class='ocrx_word' id='word_1_107' title='bbox 1084 1399 1239 1459; x_wconf 76' lang='lat' dir='ltr'><strong>Caeterum</strong></span> <span class='ocrx_word' id='word_1_108' title='bbox 1253 1416 1350 1458; x_wconf 87' lang='lat' dir='ltr'><strong>nere·</strong></span> 
     </span>
     <span class='ocr_line' id='line_1_14' title="bbox 252 1482 1351 1564; baseline 0 -20"><span class='ocrx_word' id='word_1_109' title='bbox 252 1484 359 1563; x_wconf 82' lang='lat' dir='ltr'><strong>ligioni</strong></span> <span class='ocrx_word' id='word_1_110' title='bbox 381 1483 563 1564; x_wconf 81' lang='lat' dir='ltr'><strong>periclitanti</strong></span> <span class='ocrx_word' id='word_1_111' title='bbox 588 1484 621 1542; x_wconf 92' lang='lat' dir='ltr'><strong>in</strong></span> <span class='ocrx_word' id='word_1_112' title='bbox 642 1483 708 1563; x_wconf 89' lang='lat' dir='ltr'><strong>ipao</strong></span> <span class='ocrx_word' id='word_1_113' title='bbox 736 1482 862 1542; x_wconf 83' lang='lat' dir='ltr'><strong>articulo</strong></span> <span class='ocrx_word' id='word_1_114' title='bbox 876 1482 1004 1559; x_wconf 73' lang='lat' dir='ltr'><strong>deerret,</strong></span> <span class='ocrx_word' id='word_1_115' title='bbox 1025 1483 1126 1542; x_wconf 88' lang='lat' dir='ltr'><strong>atatim</strong></span> <span class='ocrx_word' id='word_1_116' title='bbox 1142 1504 1174 1543; x_wconf 88' lang='lat' dir='ltr'><strong>ae</strong></span> <span class='ocrx_word' id='word_1_117' title='bbox 1190 1484 1230 1542; x_wconf 91' lang='lat' dir='ltr'><strong>ad</strong></span> <span class='ocrx_word' id='word_1_118' title='bbox 1247 1491 1351 1544; x_wconf 72' lang='lat' dir='ltr'><strong>certa-</strong></span> 
     </span>
     <span class='ocr_line' id='line_1_15' title="bbox 251 1567 1350 1648; baseline -0.004 -19"><span class='ocrx_word' id='word_1_119' title='bbox 251 1589 322 1630; x_wconf 88' lang='lat' dir='ltr'><strong>men</strong></span> <span class='ocrx_word' id='word_1_120' title='bbox 344 1568 495 1646; x_wconf 84' lang='lat' dir='ltr'><strong>accinxit,</strong></span> <span class='ocrx_word' id='word_1_121' title='bbox 518 1580 548 1627; x_wconf 92' lang='lat' dir='ltr'><strong>et</strong></span> <span class='ocrx_word' id='word_1_122' title='bbox 565 1568 592 1625; x_wconf 89' lang='lat' dir='ltr'><strong>ei</strong></span> <span class='ocrx_word' id='word_1_123' title='bbox 606 1568 658 1647; x_wconf 93' lang='lat' dir='ltr'><strong>qui</strong></span> <span class='ocrx_word' id='word_1_124' title='bbox 671 1588 728 1648; x_wconf 87' lang='lat' dir='ltr'><strong>pro</strong></span> <span class='ocrx_word' id='word_1_125' title='bbox 743 1567 825 1627; x_wconf 89' lang='lat' dir='ltr'><strong>Fidei</strong></span> <span class='ocrx_word' id='word_1_126' title='bbox 839 1568 965 1627; x_wconf 83' lang='lat' dir='ltr'><strong>veritate</strong></span> <span class='ocrx_word' id='word_1_127' title='bbox 978 1577 1163 1647; x_wconf 77' lang='lat' dir='ltr'><strong>pugnaturae</strong></span> <span class='ocrx_word' id='word_1_128' title='bbox 1176 1570 1256 1629; x_wconf 85' lang='lat' dir='ltr'><strong>soret</strong></span> <span class='ocrx_word' id='word_1_129' title='bbox 1270 1588 1350 1628; x_wconf 91' lang='lat' dir='ltr'><strong>con-</strong></span> 
     </span>
     <span class='ocr_line' id='line_1_16' title="bbox 253 1650 1347 1729; baseline 0 -15"><span class='ocrx_word' id='word_1_130' title='bbox 253 1654 425 1714; x_wconf 83' lang='lat' dir='ltr'><strong>veuientem</strong></span> <span class='ocrx_word' id='word_1_131' title='bbox 454 1662 634 1715; x_wconf 79' lang='lat' dir='ltr'><strong>armaturam</strong></span> <span class='ocrx_word' id='word_1_132' title='bbox 665 1652 783 1729; x_wconf 88' lang='lat' dir='ltr'><strong>induit,</strong></span> <span class='ocrx_word' id='word_1_133' title='bbox 810 1650 946 1712; x_wconf 88' lang='lat' dir='ltr'><strong>habitum</strong></span> <span class='ocrx_word' id='word_1_134' title='bbox 972 1652 1114 1712; x_wconf 86' lang='lat' dir='ltr'><strong>videlicet</strong></span> <span class='ocrx_word' id='word_1_135' title='bbox 1139 1652 1347 1714; x_wconf 72' lang='lat' dir='ltr'><strong>monasticum.</strong></span> 
     </span>
     <span class='ocr_line' id='line_1_17' title="bbox 252 1736 1349 1815; baseline -0.003 -16"><span class='ocrx_word' id='word_1_136' title='bbox 252 1738 289 1799; x_wconf 90' lang='lat' dir='ltr'><strong>Id</strong></span> <span class='ocrx_word' id='word_1_137' title='bbox 300 1759 371 1799; x_wconf 85' lang='lat' dir='ltr'><strong>vero</strong></span> <span class='ocrx_word' id='word_1_138' title='bbox 380 1740 491 1798; x_wconf 82' lang='lat' dir='ltr'><strong>factum</strong></span> <span class='ocrx_word' id='word_1_139' title='bbox 506 1738 582 1797; x_wconf 85' lang='lat' dir='ltr'><strong>citra</strong></span> <span class='ocrx_word' id='word_1_140' title='bbox 594 1738 684 1796; x_wconf 90' lang='lat' dir='ltr'><strong>ullam</strong></span> <span class='ocrx_word' id='word_1_141' title='bbox 701 1736 924 1813; x_wconf 87' lang='lat' dir='ltr'><strong>caeremoniam,</strong></span> <span class='ocrx_word' id='word_1_142' title='bbox 945 1737 1034 1796; x_wconf 86' lang='lat' dir='ltr'><strong>uniua</strong></span> <span class='ocrx_word' id='word_1_143' title='bbox 1044 1737 1349 1815; x_wconf 80' lang='lat' dir='ltr'><strong>cacerdotiaraligioai</strong></span> 
     </span>
     <span class='ocr_line' id='line_1_18' title="bbox 251 1822 1347 1902; baseline -0.002 -18"><span class='ocrx_word' id='word_1_144' title='bbox 251 1823 444 1899; x_wconf 81' lang='lat' dir='ltr'><strong>interventu3</strong></span> <span class='ocrx_word' id='word_1_145' title='bbox 466 1842 482 1881; x_wconf 90' lang='lat' dir='ltr'><strong>e</strong></span> <span class='ocrx_word' id='word_1_146' title='bbox 511 1822 595 1881; x_wconf 89' lang='lat' dir='ltr'><strong>cuiua</strong></span> <span class='ocrx_word' id='word_1_147' title='bbox 615 1840 707 1879; x_wconf 87' lang='lat' dir='ltr'><strong>manu</strong></span> <span class='ocrx_word' id='word_1_148' title='bbox 726 1830 839 1881; x_wconf 80' lang='lat' dir='ltr'><strong>reatem</strong></span> <span class='ocrx_word' id='word_1_149' title='bbox 856 1841 926 1902; x_wconf 88' lang='lat' dir='ltr'><strong>cum</strong></span> <span class='ocrx_word' id='word_1_150' title='bbox 939 1822 1105 1900; x_wconf 87' lang='lat' dir='ltr'><strong>acciperet,</strong></span> <span class='ocrx_word' id='word_1_151' title='bbox 1127 1823 1280 1902; x_wconf 87' lang='lat' dir='ltr'><strong>profeaaua</strong></span> <span class='ocrx_word' id='word_1_152' title='bbox 1292 1831 1347 1900; x_wconf 87' lang='lat' dir='ltr'><strong>eat,</strong></span> 
     </span>
     <span class='ocr_line' id='line_1_19' title="bbox 251 1905 1349 1987; baseline 0.001 -20"><span class='ocrx_word' id='word_1_153' title='bbox 251 1928 284 1968; x_wconf 82' lang='lat' dir='ltr'><strong>ae</strong></span> <span class='ocrx_word' id='word_1_154' title='bbox 303 1917 417 1967; x_wconf 89' lang='lat' dir='ltr'><strong>mutato</strong></span> <span class='ocrx_word' id='word_1_155' title='bbox 437 1906 576 1987; x_wconf 83' lang='lat' dir='ltr'><strong>deinceps</strong></span> <span class='ocrx_word' id='word_1_156' title='bbox 595 1905 716 1966; x_wconf 85' lang='lat' dir='ltr'><strong>vivendi</strong></span> <span class='ocrx_word' id='word_1_157' title='bbox 741 1926 848 1984; x_wconf 85' lang='lat' dir='ltr'><strong>genere</strong></span> <span class='ocrx_word' id='word_1_158' title='bbox 866 1907 946 1968; x_wconf 82' lang='lat' dir='ltr'><strong>vina</strong></span> <span class='ocrx_word' id='word_1_159' title='bbox 960 1905 1075 1965; x_wconf 87' lang='lat' dir='ltr'><strong>aulicae</strong></span> <span class='ocrx_word' id='word_1_160' title='bbox 1090 1927 1214 1987; x_wconf 86' lang='lat' dir='ltr'><strong>proraua</strong></span> <span class='ocrx_word' id='word_1_161' title='bbox 1229 1928 1349 1969; x_wconf 88' lang='lat' dir='ltr'><strong>renun-</strong></span> 
     </span>
     <span class='ocr_line' id='line_1_20' title="bbox 252 1988 1063 2071; baseline 0.001 -43"><span class='ocrx_word' id='word_1_162' title='bbox 252 1992 401 2071; x_wconf 55' lang='lat' dir='ltr'><strong>ciatumm</strong></span> <span class='ocrx_word' id='word_1_163' title='bbox 419 1988 458 2070; x_wconf 44' lang='lat'><strong>8).</strong></span> <span class='ocrx_word' id='word_1_164' title='bbox 1060 2026 1063 2029; x_wconf 83' lang='lat'><strong>.</strong></span> 
     </span>
    </p>

    <p class='ocr_par' dir='ltr' id='par_1_3' title="bbox 245 2090 1347 2601">
     <span class='ocr_line' id='line_1_21' title="bbox 332 2090 1347 2169; baseline -0.001 -17"><span class='ocrx_word' id='word_1_165' title='bbox 332 2092 392 2152; x_wconf 90' lang='lat' dir='ltr'><strong>Ubi</strong></span> <span class='ocrx_word' id='word_1_166' title='bbox 405 2090 536 2151; x_wconf 87' lang='lat' dir='ltr'><strong>indictua</strong></span> <span class='ocrx_word' id='word_1_167' title='bbox 551 2091 613 2153; x_wconf 80' lang='lat' dir='ltr'><strong>diet</strong></span> <span class='ocrx_word' id='word_1_168' title='bbox 630 2091 762 2169; x_wconf 86' lang='lat' dir='ltr'><strong>advenit,</strong></span> <span class='ocrx_word' id='word_1_169' title='bbox 782 2112 948 2153; x_wconf 84' lang='lat' dir='ltr'><strong>convenere</strong></span> <span class='ocrx_word' id='word_1_170' title='bbox 961 2094 994 2152; x_wconf 91' lang='lat' dir='ltr'><strong>in</strong></span> <span class='ocrx_word' id='word_1_171' title='bbox 1010 2094 1109 2154; x_wconf 86' lang='lat' dir='ltr'><strong>aulam</strong></span> <span class='ocrx_word' id='word_1_172' title='bbox 1124 2113 1225 2152; x_wconf 88' lang='lat' dir='ltr'><strong>omnea</strong></span> <span class='ocrx_word' id='word_1_173' title='bbox 1240 2093 1347 2153; x_wconf 80' lang='lat' dir='ltr'><strong>tactio.</strong></span> 
     </span>
     <span class='ocr_line' id='line_1_22' title="bbox 247 2175 1346 2258; baseline -0.001 -18"><span class='ocrx_word' id='word_1_174' title='bbox 247 2179 296 2241; x_wconf 87' lang='lat' dir='ltr'><strong>nia</strong></span> <span class='ocrx_word' id='word_1_175' title='bbox 315 2176 505 2239; x_wconf 84' lang='lat' dir='ltr'><strong>Palamiticae</strong></span> <span class='ocrx_word' id='word_1_176' title='bbox 518 2177 650 2255; x_wconf 80' lang='lat' dir='ltr'><strong>episcopi</strong></span> <span class='ocrx_word' id='word_1_177' title='bbox 661 2175 704 2254; x_wconf 77' lang='lat'><strong>⁴).</strong></span> <span class='ocrx_word' id='word_1_178' title='bbox 748 2178 859 2236; x_wconf 88' lang='lat' dir='ltr'><strong>Eodem</strong></span> <span class='ocrx_word' id='word_1_179' title='bbox 879 2199 996 2258; x_wconf 85' lang='lat' dir='ltr'><strong>quoque</strong></span> <span class='ocrx_word' id='word_1_180' title='bbox 1011 2181 1156 2257; x_wconf 85' lang='lat' dir='ltr'><strong>Gregoraa</strong></span> <span class='ocrx_word' id='word_1_181' title='bbox 1175 2198 1242 2238; x_wconf 90' lang='lat' dir='ltr'><strong>cum</strong></span> <span class='ocrx_word' id='word_1_182' title='bbox 1255 2180 1346 2239; x_wconf 79' lang='lat' dir='ltr'><strong>sociia</strong></span> 
     </span>
     <span class='ocr_line' id='line_1_23' title="bbox 248 2258 1344 2345; baseline -0.003 -19"><span class='ocrx_word' id='word_1_183' title='bbox 248 2275 279 2326; x_wconf 90' lang='lat' dir='ltr'><strong>ct</strong></span> <span class='ocrx_word' id='word_1_184' title='bbox 298 2262 454 2344; x_wconf 84' lang='lat' dir='ltr'><strong>diacipulie</strong></span> <span class='ocrx_word' id='word_1_185' title='bbox 469 2260 563 2319; x_wconf 86' lang='lat' dir='ltr'><strong>affuit.</strong></span> <span class='ocrx_word' id='word_1_186' title='bbox 605 2262 687 2320; x_wconf 85' lang='lat' dir='ltr'><strong>Inter</strong></span> <span class='ocrx_word' id='word_1_187' title='bbox 699 2258 790 2321; x_wconf 77' lang='lat' dir='ltr'><strong>haim</strong></span> <span class='ocrx_word' id='word_1_188' title='bbox 804 2263 903 2322; x_wconf 82' lang='lat' dir='ltr'><strong>eocioa</strong></span> <span class='ocrx_word' id='word_1_189' title='bbox 917 2264 1084 2323; x_wconf 88' lang='lat' dir='ltr'><strong>eminebant</strong></span> <span class='ocrx_word' id='word_1_190' title='bbox 1096 2274 1156 2323; x_wconf 85' lang='lat' dir='ltr'><strong>trea</strong></span> <span class='ocrx_word' id='word_1_191' title='bbox 1170 2264 1344 2345; x_wconf 73' lang='lat' dir='ltr'><strong>pontificae,</strong></span> 
     </span>
     <span class='ocr_line' id='line_1_24' title="bbox 245 2344 1345 2432; baseline -0.001 -21"><span class='ocrx_word' id='word_1_192' title='bbox 245 2349 363 2432; x_wconf 73' lang='lat' dir='ltr'><strong>primun</strong></span> <span class='ocrx_word' id='word_1_193' title='bbox 380 2346 508 2427; x_wconf 82' lang='lat' dir='ltr'><strong>Epheai,</strong></span> <span class='ocrx_word' id='word_1_194' title='bbox 532 2346 607 2404; x_wconf 89' lang='lat' dir='ltr'><strong>alter</strong></span> <span class='ocrx_word' id='word_1_195' title='bbox 629 2344 705 2405; x_wconf 86' lang='lat' dir='ltr'><strong>Gaui</strong></span> <span class='ocrx_word' id='word_1_196' title='bbox 724 2348 930 2426; x_wconf 63' lang='lat' dir='ltr'><strong>metropolim</strong></span> <span class='ocrx_word' id='word_1_197' title='bbox 951 2349 1058 2409; x_wconf 80' lang='lat' dir='ltr'><strong>tertiua</strong></span> <span class='ocrx_word' id='word_1_198' title='bbox 1080 2348 1155 2429; x_wconf 84' lang='lat' dir='ltr'><strong>Tyri</strong></span> <span class='ocrx_word' id='word_1_199' title='bbox 1174 2349 1345 2429; x_wconf 77' lang='lat' dir='ltr'><strong>episcopua,</strong></span> 
     </span>
     <span class='ocr_line' id='line_1_25' title="bbox 245 2414 1345 2513; baseline 0 -18"><span class='ocrx_word' id='word_1_200' title='bbox 245 2436 385 2513; x_wconf 89' lang='lat' dir='ltr'><strong>idemque</strong></span> <span class='ocrx_word' id='word_1_201' title='bbox 400 2430 583 2493; x_wconf 80' lang='lat' dir='ltr'><strong>Antiocheni</strong></span> <span class='ocrx_word' id='word_1_202' title='bbox 602 2430 789 2511; x_wconf 89' lang='lat' dir='ltr'><strong>patriarchae</strong></span> <span class='ocrx_word' id='word_1_203' title='bbox 809 2420 907 2491; x_wconf 72' lang='lat' dir='ltr'><strong>vicdm</strong></span> <span class='ocrx_word' id='word_1_204' title='bbox 920 2414 1039 2511; x_wconf 78' lang='lat' dir='ltr'><strong>gereaia3</strong></span> <span class='ocrx_word' id='word_1_205' title='bbox 1060 2454 1118 2494; x_wconf 89' lang='lat' dir='ltr'><strong>nec</strong></span> <span class='ocrx_word' id='word_1_206' title='bbox 1136 2455 1199 2494; x_wconf 91' lang='lat' dir='ltr'><strong>non</strong></span> <span class='ocrx_word' id='word_1_207' title='bbox 1212 2435 1271 2494; x_wconf 86' lang='lat' dir='ltr'><strong>viri</strong></span> <span class='ocrx_word' id='word_1_208' title='bbox 1282 2435 1345 2495; x_wconf 92' lang='lat' dir='ltr'><strong>duo</strong></span> 
     </span>
     <span class='ocr_line' id='line_1_26' title="bbox 245 2516 1346 2601; baseline -0.002 -21"><span class='ocrx_word' id='word_1_209' title='bbox 245 2519 413 2580; x_wconf 88' lang='lat' dir='ltr'><strong>eruditione</strong></span> <span class='ocrx_word' id='word_1_210' title='bbox 428 2525 612 2598; x_wconf 78' lang='lat' dir='ltr'><strong>praestanter</strong></span> <span class='ocrx_word' id='word_1_211' title='bbox 621 2560 631 2593; x_wconf 90' lang='lat'><strong>,</strong></span> <span class='ocrx_word' id='word_1_212' title='bbox 657 2516 768 2575; x_wconf 86' lang='lat' dir='ltr'><strong>Dexiua</strong></span> <span class='ocrx_word' id='word_1_213' title='bbox 787 2526 817 2575; x_wconf 91' lang='lat' dir='ltr'><strong>et</strong></span> <span class='ocrx_word' id='word_1_214' title='bbox 832 2516 1008 2578; x_wconf 69' lang='lat' dir='ltr'><strong>Athanasius</strong></span> <span class='ocrx_word' id='word_1_215' title='bbox 1022 2516 1060 2601; x_wconf 81' lang='lat'><strong>⁶).</strong></span> <span class='ocrx_word' id='word_1_216' title='bbox 1104 2520 1179 2579; x_wconf 86' lang='lat' dir='ltr'><strong>Cum</strong></span> <span class='ocrx_word' id='word_1_217' title='bbox 1195 2518 1244 2579; x_wconf 84' lang='lat' dir='ltr'><strong>hia</strong></span> <span class='ocrx_word' id='word_1_218' title='bbox 1259 2520 1346 2580; x_wconf 84' lang='lat' dir='ltr'><strong>Gre-</strong></span> 
     </span>
    </p>
   </div>
   <div class='ocr_carea' id='block_1_3' title="bbox 129 2600 1345 2685">
    <p class='ocr_par' dir='ltr' id='par_1_4' title="bbox 129 2600 1345 2685">
     <span class='ocr_line' id='line_1_27' title="bbox 129 2600 1345 2685; baseline -0.002 -19"><span class='ocrx_word' id='word_1_219' title='bbox 129 2654 139 2666; x_wconf 88' lang='lat'><strong><em>.</em></strong></span> <span class='ocrx_word' id='word_1_220' title='bbox 244 2626 346 2685; x_wconf 82' lang='lat' dir='ltr'><strong>gorea,</strong></span> <span class='ocrx_word' id='word_1_221' title='bbox 368 2604 489 2663; x_wconf 87' lang='lat' dir='ltr'><strong>circiter</strong></span> <span class='ocrx_word' id='word_1_222' title='bbox 507 2601 613 2662; x_wconf 89' lang='lat' dir='ltr'><strong>horam</strong></span> <span class='ocrx_word' id='word_1_223' title='bbox 629 2600 687 2659; x_wconf 91' lang='lat' dir='ltr'><strong>diei</strong></span> <span class='ocrx_word' id='word_1_224' title='bbox 706 2600 883 2679; x_wconf 80' lang='lat' dir='ltr'><strong>secundam,</strong></span> <span class='ocrx_word' id='word_1_225' title='bbox 905 2604 1050 2682; x_wconf 86' lang='lat' dir='ltr'><strong>palatium</strong></span> <span class='ocrx_word' id='word_1_226' title='bbox 1064 2603 1231 2683; x_wconf 85' lang='lat' dir='ltr'><strong>ingresaua,</strong></span> <span class='ocrx_word' id='word_1_227' title='bbox 1252 2614 1345 2684; x_wconf 85' lang='lat' dir='ltr'><strong>atqua</strong></span> 
     </span>
    </p>
   </div>
   <div class='ocr_carea' id='block_1_4' title="bbox 241 2686 1344 3708">
    <p class='ocr_par' dir='ltr' id='par_1_5' title="bbox 241 2686 1344 3708">
     <span class='ocr_line' id='line_1_28' title="bbox 244 2686 1344 2767; baseline -0.001 -17"><span class='ocrx_word' id='word_1_228' title='bbox 244 2690 282 2750; x_wconf 91' lang='lat' dir='ltr'><strong>ab</strong></span> <span class='ocrx_word' id='word_1_229' title='bbox 299 2688 451 2751; x_wconf 84' lang='lat' dir='ltr'><strong>interioris</strong></span> <span class='ocrx_word' id='word_1_230' title='bbox 467 2688 551 2746; x_wconf 88' lang='lat' dir='ltr'><strong>aulae</strong></span> <span class='ocrx_word' id='word_1_231' title='bbox 565 2687 650 2745; x_wconf 90' lang='lat' dir='ltr'><strong>aditu</strong></span> <span class='ocrx_word' id='word_1_232' title='bbox 663 2705 718 2765; x_wconf 91' lang='lat' dir='ltr'><strong>per</strong></span> <span class='ocrx_word' id='word_1_233' title='bbox 729 2686 852 2751; x_wconf 71' lang='lat' dir='ltr'><strong>lictorea,</strong></span> <span class='ocrx_word' id='word_1_234' title='bbox 869 2689 1027 2767; x_wconf 86' lang='lat' dir='ltr'><strong>excluaua,</strong></span> <span class='ocrx_word' id='word_1_235' title='bbox 1049 2690 1102 2749; x_wconf 89' lang='lat' dir='ltr'><strong>diu</strong></span> <span class='ocrx_word' id='word_1_236' title='bbox 1115 2690 1226 2749; x_wconf 81' lang='lat' dir='ltr'><strong>maurit</strong></span> <span class='ocrx_word' id='word_1_237' title='bbox 1236 2689 1270 2748; x_wconf 92' lang='lat' dir='ltr'><strong>in</strong></span> <span class='ocrx_word' id='word_1_238' title='bbox 1286 2710 1344 2749; x_wconf 82' lang='lat' dir='ltr'><strong>ve·</strong></span> 
     </span>
     <span class='ocr_line' id='line_1_29' title="bbox 242 2771 1343 2854; baseline -0.002 -19"><span class='ocrx_word' id='word_1_239' title='bbox 242 2775 373 2850; x_wconf 86' lang='lat' dir='ltr'><strong>atibulo,</strong></span> <span class='ocrx_word' id='word_1_240' title='bbox 395 2772 585 2854; x_wconf 82' lang='lat' dir='ltr'><strong>epulantibua</strong></span> <span class='ocrx_word' id='word_1_241' title='bbox 607 2771 719 2830; x_wconf 89' lang='lat' dir='ltr'><strong>interea</strong></span> <span class='ocrx_word' id='word_1_242' title='bbox 735 2771 816 2852; x_wconf 91' lang='lat' dir='ltr'><strong>apud</strong></span> <span class='ocrx_word' id='word_1_243' title='bbox 831 2773 1045 2853; x_wconf 86' lang='lat' dir='ltr'><strong>Imperatorem</strong></span> <span class='ocrx_word' id='word_1_244' title='bbox 1057 2773 1219 2842; x_wconf 78' lang='lat' dir='ltr'><strong>Palamitia.</strong></span> <span class='ocrx_word' id='word_1_245' title='bbox 1260 2775 1343 2849; x_wconf 88' lang='lat' dir='ltr'><strong>Qui·</strong></span> 
     </span>
     <span class='ocr_line' id='line_1_30' title="bbox 245 2855 1343 2941; baseline -0.001 -21"><span class='ocrx_word' id='word_1_246' title='bbox 245 2860 301 2920; x_wconf 91' lang='lat' dir='ltr'><strong>bua</strong></span> <span class='ocrx_word' id='word_1_247' title='bbox 319 2868 388 2941; x_wconf 83' lang='lat' dir='ltr'><strong>post</strong></span> <span class='ocrx_word' id='word_1_248' title='bbox 410 2858 569 2939; x_wconf 89' lang='lat' dir='ltr'><strong>prandium</strong></span> <span class='ocrx_word' id='word_1_249' title='bbox 594 2856 627 2915; x_wconf 92' lang='lat' dir='ltr'><strong>in</strong></span> <span class='ocrx_word' id='word_1_250' title='bbox 642 2855 742 2915; x_wconf 79' lang='lat' dir='ltr'><strong>Alexii</strong></span> <span class='ocrx_word' id='word_1_251' title='bbox 760 2858 938 2918; x_wconf 82' lang='lat' dir='ltr'><strong>Triclinium</strong></span> <span class='ocrx_word' id='word_1_252' title='bbox 953 2858 979 2941; x_wconf 71' lang='grc'><strong>0)</strong></span> <span class='ocrx_word' id='word_1_253' title='bbox 998 2860 1074 2920; x_wconf 87' lang='lat' dir='ltr'><strong>bora</strong></span> <span class='ocrx_word' id='word_1_254' title='bbox 1092 2860 1159 2940; x_wconf 90' lang='lat' dir='ltr'><strong>ipaa</strong></span> <span class='ocrx_word' id='word_1_255' title='bbox 1177 2859 1343 2920; x_wconf 82' lang='lat' dir='ltr'><strong>meridiana</strong></span> 
     </span>
     <span class='ocr_line' id='line_1_31' title="bbox 245 2941 1343 3025; baseline -0.002 -19"><span class='ocrx_word' id='word_1_256' title='bbox 245 2944 438 3021; x_wconf 78' lang='lat' dir='ltr'><strong>introductio,</strong></span> <span class='ocrx_word' id='word_1_257' title='bbox 460 2952 490 3003; x_wconf 91' lang='lat' dir='ltr'><strong>et</strong></span> <span class='ocrx_word' id='word_1_258' title='bbox 511 2963 581 3003; x_wconf 89' lang='lat' dir='ltr'><strong>cum</strong></span> <span class='ocrx_word' id='word_1_259' title='bbox 604 2941 811 3001; x_wconf 84' lang='lat' dir='ltr'><strong>Cantucuzeno</strong></span> <span class='ocrx_word' id='word_1_260' title='bbox 833 2943 905 3021; x_wconf 92' lang='lat' dir='ltr'><strong>quid</strong></span> <span class='ocrx_word' id='word_1_261' title='bbox 919 2944 1065 3022; x_wconf 85' lang='lat' dir='ltr'><strong>agendum</strong></span> <span class='ocrx_word' id='word_1_262' title='bbox 1079 2956 1158 3005; x_wconf 87' lang='lat' dir='ltr'><strong>eaaet</strong></span> <span class='ocrx_word' id='word_1_263' title='bbox 1170 2946 1343 3025; x_wconf 88' lang='lat' dir='ltr'><strong>praemedi-</strong></span> 
     </span>
     <span class='ocr_line' id='line_1_32' title="bbox 245 3026 1343 3108; baseline -0.001 -19"><span class='ocrx_word' id='word_1_264' title='bbox 245 3030 330 3107; x_wconf 89' lang='lat' dir='ltr'><strong>tatia,</strong></span> <span class='ocrx_word' id='word_1_265' title='bbox 351 3029 473 3089; x_wconf 87' lang='lat' dir='ltr'><strong>tandem</strong></span> <span class='ocrx_word' id='word_1_266' title='bbox 503 3036 533 3088; x_wconf 90' lang='lat' dir='ltr'><strong>et</strong></span> <span class='ocrx_word' id='word_1_267' title='bbox 551 3026 750 3106; x_wconf 78' lang='lat' dir='ltr'><strong>Acindyniani</strong></span> <span class='ocrx_word' id='word_1_268' title='bbox 772 3027 919 3108; x_wconf 79' lang='lat' dir='ltr'><strong>impranci</strong></span> <span class='ocrx_word' id='word_1_269' title='bbox 931 3030 1003 3089; x_wconf 80' lang='lat' dir='ltr'><strong>iueai</strong></span> <span class='ocrx_word' id='word_1_270' title='bbox 1020 3038 1092 3090; x_wconf 89' lang='lat' dir='ltr'><strong>aunt</strong></span> <span class='ocrx_word' id='word_1_271' title='bbox 1110 3030 1232 3090; x_wconf 88' lang='lat' dir='ltr'><strong>intrare.</strong></span> <span class='ocrx_word' id='word_1_272' title='bbox 1274 3032 1343 3089; x_wconf 83' lang='lat' dir='ltr'><strong>Sin.</strong></span> 
     </span>
     <span class='ocr_line' id='line_1_33' title="bbox 244 3112 1341 3195; baseline 0.001 -21"><span class='ocrx_word' id='word_1_273' title='bbox 244 3115 313 3195; x_wconf 81' lang='lat' dir='ltr'><strong>gula</strong></span> <span class='ocrx_word' id='word_1_274' title='bbox 329 3114 418 3175; x_wconf 79' lang='lat' dir='ltr'><strong>buius</strong></span> <span class='ocrx_word' id='word_1_275' title='bbox 430 3112 654 3194; x_wconf 79' lang='lat' dir='ltr'><strong>paeudorynodi</strong></span> <span class='ocrx_word' id='word_1_276' title='bbox 677 3122 743 3172; x_wconf 90' lang='lat' dir='ltr'><strong>acta</strong></span> <span class='ocrx_word' id='word_1_277' title='bbox 758 3132 911 3173; x_wconf 73' lang='lat' dir='ltr'><strong>recensere</strong></span> <span class='ocrx_word' id='word_1_278' title='bbox 931 3114 1053 3193; x_wconf 83' lang='lat' dir='ltr'><strong>longum</strong></span> <span class='ocrx_word' id='word_1_279' title='bbox 1065 3116 1175 3192; x_wconf 73' lang='lat' dir='ltr'><strong>faerit,</strong></span> <span class='ocrx_word' id='word_1_280' title='bbox 1197 3134 1253 3174; x_wconf 91' lang='lat' dir='ltr'><strong>nec</strong></span> <span class='ocrx_word' id='word_1_281' title='bbox 1266 3134 1341 3175; x_wconf 83' lang='lat' dir='ltr'><strong>vero</strong></span> 
     </span>
     <span class='ocr_line' id='line_1_34' title="bbox 244 3197 1342 3279; baseline 0 -20"><span class='ocrx_word' id='word_1_282' title='bbox 244 3218 365 3260; x_wconf 82' lang='lat' dir='ltr'><strong>neceaee</strong></span> <span class='ocrx_word' id='word_1_283' title='bbox 387 3209 446 3276; x_wconf 88' lang='lat' dir='ltr'><strong>eat,</strong></span> <span class='ocrx_word' id='word_1_284' title='bbox 467 3218 535 3257; x_wconf 90' lang='lat' dir='ltr'><strong>cum</strong></span> <span class='ocrx_word' id='word_1_285' title='bbox 552 3218 586 3258; x_wconf 87' lang='lat' dir='ltr'><strong>ea</strong></span> <span class='ocrx_word' id='word_1_286' title='bbox 604 3197 702 3277; x_wconf 79' lang='lat' dir='ltr'><strong>quivis</strong></span> <span class='ocrx_word' id='word_1_287' title='bbox 715 3198 810 3278; x_wconf 87' lang='lat' dir='ltr'><strong>poaait</strong></span> <span class='ocrx_word' id='word_1_288' title='bbox 830 3218 868 3258; x_wconf 84' lang='lat' dir='ltr'><strong>ex</strong></span> <span class='ocrx_word' id='word_1_289' title='bbox 888 3199 982 3278; x_wconf 88' lang='lat' dir='ltr'><strong>ipaiua</strong></span> <span class='ocrx_word' id='word_1_290' title='bbox 995 3201 1143 3279; x_wconf 85' lang='lat' dir='ltr'><strong>Gregorae</strong></span> <span class='ocrx_word' id='word_1_291' title='bbox 1156 3199 1241 3260; x_wconf 89' lang='lat' dir='ltr'><strong>libria</strong></span> <span class='ocrx_word' id='word_1_292' title='bbox 1254 3198 1286 3276; x_wconf 83' lang='lat'><strong>⁷)</strong></span> <span class='ocrx_word' id='word_1_293' title='bbox 1309 3208 1342 3259; x_wconf 91' lang='lat' dir='ltr'><strong>et</strong></span> 
     </span>
     <span class='ocr_line' id='line_1_35' title="bbox 244 3283 1340 3366; baseline -0.001 -22"><span class='ocrx_word' id='word_1_294' title='bbox 244 3302 284 3345; x_wconf 84' lang='lat' dir='ltr'><strong>ex</strong></span> <span class='ocrx_word' id='word_1_295' title='bbox 302 3284 395 3343; x_wconf 83' lang='lat' dir='ltr'><strong>Temo</strong></span> <span class='ocrx_word' id='word_1_296' title='bbox 416 3283 589 3343; x_wconf 86' lang='lat' dir='ltr'><strong>Palamitico</strong></span> <span class='ocrx_word' id='word_1_297' title='bbox 615 3283 733 3343; x_wconf 89' lang='lat' dir='ltr'><strong>abunde</strong></span> <span class='ocrx_word' id='word_1_298' title='bbox 757 3304 942 3361; x_wconf 83' lang='lat' dir='ltr'><strong>cognoacere.</strong></span> <span class='ocrx_word' id='word_1_299' title='bbox 985 3286 1091 3345; x_wconf 78' lang='lat' dir='ltr'><strong>Totius</strong></span> <span class='ocrx_word' id='word_1_300' title='bbox 1115 3285 1340 3366; x_wconf 70' lang='lat' dir='ltr'><strong>disputationis,</strong></span> 
     </span>
     <span class='ocr_line' id='line_1_36' title="bbox 243 3368 1341 3449; baseline 0.001 -20"><span class='ocrx_word' id='word_1_301' title='bbox 243 3389 320 3449; x_wconf 87' lang='lat' dir='ltr'><strong>quae</strong></span> <span class='ocrx_word' id='word_1_302' title='bbox 335 3369 415 3429; x_wconf 88' lang='lat' dir='ltr'><strong>intra</strong></span> <span class='ocrx_word' id='word_1_303' title='bbox 427 3368 596 3446; x_wconf 86' lang='lat' dir='ltr'><strong>qaindecim</strong></span> <span class='ocrx_word' id='word_1_304' title='bbox 609 3368 670 3427; x_wconf 87' lang='lat' dir='ltr'><strong>dica</strong></span> <span class='ocrx_word' id='word_1_305' title='bbox 682 3368 862 3429; x_wconf 85' lang='lat' dir='ltr'><strong>aeaaionibua</strong></span> <span class='ocrx_word' id='word_1_306' title='bbox 878 3380 1007 3448; x_wconf 87' lang='lat' dir='ltr'><strong>quatuor</strong></span> <span class='ocrx_word' id='word_1_307' title='bbox 1024 3371 1157 3430; x_wconf 82' lang='lat' dir='ltr'><strong>absoluta</strong></span> <span class='ocrx_word' id='word_1_308' title='bbox 1172 3380 1226 3446; x_wconf 87' lang='lat' dir='ltr'><strong>eat,</strong></span> <span class='ocrx_word' id='word_1_309' title='bbox 1241 3370 1341 3430; x_wconf 79' lang='lat' dir='ltr'><strong>exitur</strong></span> 
     </span>
     <span class='ocr_line' id='line_1_37' title="bbox 241 3453 1340 3518; baseline -0.001 -4"><span class='ocrx_word' id='word_1_310' title='bbox 241 3453 294 3515; x_wconf 87' lang='lat' dir='ltr'><strong>hic</strong></span> <span class='ocrx_word' id='word_1_311' title='bbox 310 3454 377 3518; x_wconf 83' lang='lat' dir='ltr'><strong>suit.</strong></span> <span class='ocrx_word' id='word_1_312' title='bbox 422 3453 601 3515; x_wconf 85' lang='lat' dir='ltr'><strong>Confirmata</strong></span> <span class='ocrx_word' id='word_1_313' title='bbox 615 3453 750 3515; x_wconf 82' lang='lat' dir='ltr'><strong>Palamee</strong></span> <span class='ocrx_word' id='word_1_314' title='bbox 763 3454 909 3517; x_wconf 89' lang='lat' dir='ltr'><strong>doctrina.</strong></span> <span class='ocrx_word' id='word_1_315' title='bbox 950 3456 987 3514; x_wconf 93' lang='lat' dir='ltr'><strong>In</strong></span> <span class='ocrx_word' id='word_1_316' title='bbox 1000 3456 1188 3515; x_wconf 91' lang='lat' dir='ltr'><strong>Barlaamum</strong></span> <span class='ocrx_word' id='word_1_317' title='bbox 1202 3466 1233 3515; x_wconf 91' lang='lat' dir='ltr'><strong>et</strong></span> <span class='ocrx_word' id='word_1_318' title='bbox 1249 3456 1340 3514; x_wconf 73' lang='lat' dir='ltr'><strong>Acin-</strong></span> 
     </span>
     <span class='ocr_line' id='line_1_38' title="bbox 242 3536 1339 3621; baseline -0.001 -21"><span class='ocrx_word' id='word_1_319' title='bbox 242 3540 357 3620; x_wconf 82' lang='lat' dir='ltr'><strong>dynum</strong></span> <span class='ocrx_word' id='word_1_320' title='bbox 378 3547 511 3598; x_wconf 81' lang='lat' dir='ltr'><strong>mortuos</strong></span> <span class='ocrx_word' id='word_1_321' title='bbox 525 3536 668 3598; x_wconf 84' lang='lat' dir='ltr'><strong>horrendi</strong></span> <span class='ocrx_word' id='word_1_322' title='bbox 684 3539 823 3599; x_wconf 88' lang='lat' dir='ltr'><strong>carminia</strong></span> <span class='ocrx_word' id='word_1_323' title='bbox 836 3538 863 3620; x_wconf 78' lang='lat'><strong>⁸)</strong></span> <span class='ocrx_word' id='word_1_324' title='bbox 885 3540 1040 3600; x_wconf 84' lang='lat' dir='ltr'><strong>anathema</strong></span> <span class='ocrx_word' id='word_1_325' title='bbox 1051 3540 1285 3621; x_wconf 88' lang='lat' dir='ltr'><strong>pronunciatum</strong></span> <span class='ocrx_word' id='word_1_326' title='bbox 1298 3539 1339 3620; x_wconf 73' lang='grc' dir='ltr'><strong>ο).</strong></span> 
     </span>
     <span class='ocr_line' id='line_1_39' title="bbox 241 3622 1338 3708; baseline -0.003 -21"><span class='ocrx_word' id='word_1_327' title='bbox 241 3624 351 3708; x_wconf 85' lang='lat' dir='ltr'><strong>Epheai</strong></span> <span class='ocrx_word' id='word_1_328' title='bbox 372 3633 403 3685; x_wconf 90' lang='lat' dir='ltr'><strong>et</strong></span> <span class='ocrx_word' id='word_1_329' title='bbox 416 3622 494 3682; x_wconf 88' lang='lat' dir='ltr'><strong>Gani</strong></span> <span class='ocrx_word' id='word_1_330' title='bbox 513 3623 713 3705; x_wconf 87' lang='lat' dir='ltr'><strong>metropolitia</strong></span> <span class='ocrx_word' id='word_1_331' title='bbox 734 3624 872 3705; x_wconf 73' lang='lat' dir='ltr'><strong>adempte</strong></span> <span class='ocrx_word' id='word_1_332' title='bbox 884 3646 940 3708; x_wconf 89' lang='lat' dir='ltr'><strong>per</strong></span> <span class='ocrx_word' id='word_1_333' title='bbox 953 3626 1016 3689; x_wconf 83' lang='lat' dir='ltr'><strong>vim</strong></span> <span class='ocrx_word' id='word_1_334' title='bbox 1028 3628 1155 3707; x_wconf 81' lang='lat' dir='ltr'><strong>inaig&#39;pia</strong></span> <span class='ocrx_word' id='word_1_335' title='bbox 1167 3624 1338 3705; x_wconf 76' lang='lat' dir='ltr'><strong>dignitatia3</strong></span> 
     </span>
    </p>
   </div>
   <div class='ocr_carea' id='block_1_5' title="bbox 274 3822 1339 4381">
    <p class='ocr_par' dir='ltr' id='par_1_6' title="bbox 274 3822 1339 4381">
     <span class='ocr_line' id='line_1_40' title="bbox 274 3822 1339 3908; baseline -0.002 -25"><span class='ocrx_word' id='word_1_336' title='bbox 274 3827 306 3898; x_wconf 86' lang='lat'><strong>1)</strong></span> <span class='ocrx_word' id='word_1_337' title='bbox 322 3822 463 3907; x_wconf 77' lang='lat' dir='ltr'><strong>Centacpa.</strong></span> <span class='ocrx_word' id='word_1_338' title='bbox 478 3823 547 3883; x_wconf 81' lang='lat' dir='ltr'><strong>Hiat.</strong></span> <span class='ocrx_word' id='word_1_339' title='bbox 562 3823 608 3882; x_wconf 86' lang='lat' dir='ltr'><strong>lib.</strong></span> <span class='ocrx_word' id='word_1_340' title='bbox 627 3840 666 3879; x_wconf 79' lang='lat' dir='ltr'><strong>rr.</strong></span> <span class='ocrx_word' id='word_1_341' title='bbox 683 3843 707 3878; x_wconf 90' lang='lat' dir='ltr'><strong>c.</strong></span> <span class='ocrx_word' id='word_1_342' title='bbox 722 3826 766 3881; x_wconf 57' lang='lat'><strong>22</strong></span> <span class='ocrx_word' id='word_1_343' title='bbox 780 3824 864 3908; x_wconf 56' lang='grc' dir='ltr'><strong>(ἶπες.</strong></span> <span class='ocrx_word' id='word_1_344' title='bbox 875 3824 945 3881; x_wconf 73' lang='lat' dir='ltr'><strong>ssiat.</strong></span> <span class='ocrx_word' id='word_1_345' title='bbox 956 3826 1002 3881; x_wconf 80' lang='lat' dir='ltr'><strong>lib.</strong></span> <span class='ocrx_word' id='word_1_346' title='bbox 1014 3842 1092 3882; x_wconf 81' lang='lat' dir='ltr'><strong>mn.</strong></span> <span class='ocrx_word' id='word_1_347' title='bbox 1109 3844 1134 3883; x_wconf 91' lang='lat' dir='ltr'><strong>c.</strong></span> <span class='ocrx_word' id='word_1_348' title='bbox 1148 3830 1176 3886; x_wconf 79' lang='grc' dir='ltr'><strong>θ,</strong></span> <span class='ocrx_word' id='word_1_349' title='bbox 1232 3828 1265 3897; x_wconf 82' lang='lat'><strong>2)</strong></span> <span class='ocrx_word' id='word_1_350' title='bbox 1281 3826 1339 3881; x_wconf 76' lang='lat' dir='ltr'><strong>Ex-</strong></span> 
     </span>
     <span class='ocr_line' id='line_1_41' title="bbox 305 3894 1338 4036; baseline 0.002 -17"><span class='ocrx_word' id='word_1_351' title='bbox 305 3894 510 4019; x_wconf 58' lang='lat' dir='ltr'><strong>trull?</strong></span> <span class='ocrx_word' id='word_1_352' title='bbox 531 3908 607 4033; x_wconf 63' lang='grc' dir='ltr'><strong>ις·</strong></span> <span class='ocrx_word' id='word_1_353' title='bbox 625 3898 686 4019; x_wconf 71' lang='lat' dir='ltr'><strong>et:</strong></span> <span class='ocrx_word' id='word_1_354' title='bbox 704 3894 1039 4034; x_wconf 62' lang='lat' dir='ltr'><strong>0³³·‘nt</strong></span> <span class='ocrx_word' id='word_1_355' title='bbox 1058 3894 1338 4036; x_wconf 49' lang='lat' dir='ltr'><strong>intuetu</strong></span> 
     </span>
     <span class='ocr_line' id='line_1_42' title="bbox 305 4030 1337 4115; baseline 0.003 -31"><span class='ocrx_word' id='word_1_356' title='bbox 305 4034 433 4115; x_wconf 69' lang='lat' dir='ltr'><strong>necundo,</strong></span> <span class='ocrx_word' id='word_1_357' title='bbox 456 4048 514 4102; x_wconf 87' lang='lat' dir='ltr'><strong>cap.</strong></span> <span class='ocrx_word' id='word_1_358' title='bbox 531 4030 578 4083; x_wconf 89' lang='lat' dir='ltr'><strong>ult.</strong></span> <span class='ocrx_word' id='word_1_359' title='bbox 597 4041 651 4115; x_wconf 72' lang='lat' dir='ltr'><strong>crea</strong></span> <span class='ocrx_word' id='word_1_360' title='bbox 666 4033 856 4103; x_wconf 75' lang='lat' dir='ltr'><strong>Acindynianoa</strong></span> <span class='ocrx_word' id='word_1_361' title='bbox 878 4042 1000 4086; x_wconf 88' lang='lat' dir='ltr'><strong>memorat</strong></span> <span class='ocrx_word' id='word_1_362' title='bbox 1015 4041 1045 4086; x_wconf 88' lang='lat' dir='ltr'><strong>ut</strong></span> <span class='ocrx_word' id='word_1_363' title='bbox 1066 4034 1196 4104; x_wconf 84' lang='lat' dir='ltr'><strong>illuatrea,</strong></span> <span class='ocrx_word' id='word_1_364' title='bbox 1220 4035 1337 4101; x_wconf 86' lang='lat' dir='ltr'><strong>Burdea,</strong></span> 
     </span>
     <span class='ocr_line' id='line_1_43' title="bbox 305 4099 1336 4193; baseline 0.008 -40"><span class='ocrx_word' id='word_1_365' title='bbox 305 4099 499 4165; x_wconf 86' lang='lat' dir='ltr'><strong>Polenamtam‚</strong></span> <span class='ocrx_word' id='word_1_366' title='bbox 517 4108 544 4153; x_wconf 87' lang='lat' dir='ltr'><strong>et</strong></span> <span class='ocrx_word' id='word_1_367' title='bbox 561 4100 702 4171; x_wconf 81' lang='lat' dir='ltr'><strong>bybdrccu.</strong></span> <span class='ocrx_word' id='word_1_368' title='bbox 772 4105 804 4168; x_wconf 85' lang='grc'><strong>6)</strong></span> <span class='ocrx_word' id='word_1_369' title='bbox 821 4102 899 4165; x_wconf 85' lang='lat' dir='ltr'><strong>Quod</strong></span> <span class='ocrx_word' id='word_1_370' title='bbox 916 4108 974 4157; x_wconf 86' lang='lat' dir='ltr'><strong>erat</strong></span> <span class='ocrx_word' id='word_1_371' title='bbox 991 4103 1019 4155; x_wconf 91' lang='lat' dir='ltr'><strong>iu</strong></span> <span class='ocrx_word' id='word_1_372' title='bbox 1030 4102 1214 4188; x_wconf 75' lang='lat' dir='ltr'><strong>blachernenri</strong></span> <span class='ocrx_word' id='word_1_373' title='bbox 1227 4105 1336 4193; x_wconf 68' lang='lat' dir='ltr'><strong>palatio.</strong></span> 
     </span>
     <span class='ocr_line' id='line_1_44' title="bbox 306 4168 1337 4311; baseline 0.011 -91"><span class='ocrx_word' id='word_1_374' title='bbox 306 4168 338 4255; x_wconf 73' lang='lat'><strong>7)</strong></span> <span class='ocrx_word' id='word_1_375' title='bbox 362 4184 438 4224; x_wconf 76' lang='lat' dir='ltr'><strong>xvm.</strong></span> <span class='ocrx_word' id='word_1_376' title='bbox 463 4185 519 4257; x_wconf 65' lang='lat' dir='ltr'><strong>arx.</strong></span> <span class='ocrx_word' id='word_1_377' title='bbox 543 4184 591 4255; x_wconf 54' lang='lat' dir='ltr'><strong>xx:</strong></span> <span class='ocrx_word' id='word_1_378' title='bbox 615 4171 1337 4311; x_wconf 44' lang='lat' dir='ltr'><strong>xunpfflosstpoppyffimaalppffldramssgsaoppp</strong></span> 
     </span>
     <span class='ocr_line' id='line_1_45' title="bbox 306 4243 1271 4381; baseline 0.006 -20"><span class='ocrx_word' id='word_1_379' title='bbox 306 4243 566 4376; x_wconf 47' lang='grc' dir='ltr'><strong>εἷὲκηρυξῗῧιαίςιι,</strong></span> <span class='ocrx_word' id='word_1_380' title='bbox 582 4246 847 4381; x_wconf 49' lang='grc' dir='ltr'>ἓὲῗιξιιοιιιιιιιιίιιι</span> <span class='ocrx_word' id='word_1_381' title='bbox 858 4319 929 4367; x_wconf 84' lang='lat' dir='ltr'><strong>eaaet</strong></span> <span class='ocrx_word' id='word_1_382' title='bbox 943 4310 1088 4381; x_wconf 65' lang='lat' dir='ltr'><strong>deperata</strong></span> <span class='ocrx_word' id='word_1_383' title='bbox 1120 4260 1186 4337; x_wconf 45' lang='lat' dir='ltr'><strong>‘m&#39;</strong></span> <span class='ocrx_word' id='word_1_384' title='bbox 1263 4281 1271 4297; x_wconf 51' lang='lat'><em>⁰</em></span> 
     </span>
    </p>
   </div>
   <div class='ocr_carea' id='block_1_6' title="bbox 0 0 1514 4742">
    <p class='ocr_par' dir='ltr' id='par_1_7' title="bbox 0 0 1514 4742">
     <span class='ocr_line' id='line_1_46' title="bbox 0 0 1514 4742; baseline 0 6"><span class='ocrx_word' id='word_1_385' title='bbox 0 0 1514 4742; x_wconf 95' lang='lat' dir='ltr'><strong> </strong></span> 
     </span>
    </p>
   </div>
   <div class='ocr_carea' id='block_1_7' title="bbox 1503 3805 1513 4702">
    <p class='ocr_par' dir='ltr' id='par_1_8' title="bbox 1503 3805 1513 4702">
     <span class='ocr_line' id='line_1_47' title="bbox 1503 3805 1513 4702; baseline 0 0"><span class='ocrx_word' id='word_1_386' title='bbox 1503 3805 1513 4702; x_wconf 95' lang='lat' dir='ltr'><strong> </strong></span> 
     </span>
    </p>
   </div>
  </div>
 </body>
</html>
