3017 4742
364 287 864 374 MOEPHOM‘GREGORAE
884 305 1062 376 ELOGIA.
1155 341 1161 346 ·
1192 323 1273 370 uxxs

213 458 418 546 Acindynus
442 459 628 552 Gregorae.
649 460 809 549 Epistola
833 462 1099 554 Thessalonicae
1120 465 1214 534 simo.

237 583 412 654 mnemon,
433 581 482 641 vir
497 580 630 660 egregius
638 630 649 659 ,
671 602 740 642 cum
756 593 786 644 et
803 579 916 643 amicus
931 605 1016 644 meus
1028 586 1068 646 ait
1084 597 1113 646 et
1128 587 1187 647 mei
1202 598 1265 648 stu-

157 669 210 730 dio
236 667 352 728 amicos
377 686 483 727 omues
504 667 624 741 vincat,
644 676 712 726 tuus
723 667 798 727 mihi
815 667 930 728 litteras
942 668 1068 749 (sciebat
1081 673 1159 732 euim
1176 693 1221 732 me
1238 667 1269 733 el

153 754 204 814 tui
225 764 257 813 et
273 753 458 834 scriptorum
478 762 602 852 tuorum
620 771 722 851 amore
738 751 928 852 'veliementer
942 755 1182 838 inflammatum),
1198 765 1266 819 luas

153 837 871 1003 tttbllffill?ill1¹²l¹÷l01ttlff¹¹¹3uit
881 842 1161 1006 illabili}
1171 842 1266 1008 ll:

156 1010 248 1071 dunt.
288 1009 357 1068 Una
375 1007 452 1067 haec
474 1009 540 1067 lana
553 1009 591 1067 iia
605 1029 661 1086 pro
683 1009 741 1068 alio
759 1011 840 1068 omni
855 1010 951 1090 elogio
965 1011 1109 1073 sufficiat:
1128 1013 1219 1072 immo
1235 1023 1266 1073 et

155 1094 287 1175 epistola
307 1103 339 1153 et
353 1093 496 1174 epistolae
510 1103 597 1174 pater
607 1093 695 1152 iatam
710 1093 828 1154 laudem
843 1096 915 1155 boni
929 1099 1101 1176 consulant,
1123 1097 1149 1157 si
1164 1099 1263 1158 minus

154 1199 262 1260 parem
272 1179 321 1238 rei
338 1178 486 1276 dignitati,
509 1188 541 1238 ut
551 1199 610 1258 pro
625 1187 717 1278 captu
731 1189 846 1255 nostro,
868 1191 1014 1260 quatenus
1029 1203 1136 1264 nempe
1153 1192 1181 1242 et
1193 1204 1262 1263 per.

152 1284 274 1410 illl?
287 1263 1262 1431 ltsstbt‘l'tttattl‚ttltlfflaltllf‘tlltzz

156 1434 280 1512 liuguae
303 1434 537 1514 proprietatem,
560 1433 729 1494 dictionum
751 1455 789 1496 ex
811 1434 901 1496 horto
919 1440 1005 1517 quasi
1027 1439 1128 1499 Attico
1154 1437 1259 1498 decer·

151 1529 277 1600 ptarum
296 1517 437 1578 floridam
453 1518 645 1597 elegantiam,
669 1531 910 1598 argumentorum
923 1523 1114 1601 varietatem,
1137 1544 1175 1583 ex
1190 1524 1260 1583 Pla-

149 1605 233 1664 touia
249 1601 361 1683 (siqua
377 1603 466 1663 uobis
479 1603 553 1664 lidea
567 1605 600 1664 iu
615 1604 663 1664 bia
680 1606 790 1678 rebus)
813 1625 896 1687 penu
915 1607 1142 1690 depromptam,
1163 1618 1259 1668 totam

152 1689 300 1768 denique,
319 1698 358 1748 ut
377 1688 469 1749 verbo
493 1689 607 1766 dicam,
630 1691 878 1771 compositionem
899 1702 1057 1754 venustam
1077 1704 1107 1754 et
1130 1693 1258 1752 concin-

156 1795 229 1834 nam
247 1773 412 1834 admiratus
427 1793 514 1834 sum:
539 1795 719 1854 quamquam
739 1796 782 1853 ea,
804 1797 880 1856 quae
896 1777 976 1855 dixi,
998 1779 1077 1839 veris
1095 1778 1211 1837 minora
1227 1787 1258 1836 et

158 1859 249 1938 louge
263 1859 345 1920 iuss-u
358 1879 423 1919 rem
441 1861 575 1923 luerunt.
618 1860 759 1919 Attamen
776 1881 825 1920 eaa
838 1862 953 1922 litteras
974 1883 1031 1940 pro
1054 1862 1137 1923 virili
1159 1859 1257 1920 admi-

159 1954 243 2004 ratus
265 1947 306 2004 eia
323 1943 451 2019 tradidi,
469 1943 523 2024 qui
540 1964 719 2025 magnopere
736 1945 925 2026 expetebant.
965 1947 1061 2006 Erant
1073 1967 1164 2028 porro
1182 1945 1258 2028 plu-

152 2030 240 2104 rimi,
261 2049 297 2088 ac
312 2049 369 2112 per
383 2049 486 2088 omues
500 2029 660 2090 admiratio
675 2031 819 2111 pervasit
857 2029 932 2091 Tum
947 2033 1056 2110 passim
1068 2031 1125 2091 tibi
1140 2029 1257 2091 theatra

147 2114 309 2196 plaudere,
331 2113 444 2197 passim
459 2135 562 2174 omnes
574 2136 647 2194 prae
660 2115 770 2196 gaudio
786 2115 914 2194 exsilire,
933 2117 999 2177 aliia
1013 2118 1071 2178 alia
1086 2113 1255 2198 suspicien-

146 2199 248 2276 tibus,
269 2200 365 2259 immo
387 2200 486 2259 omnia
502 2201 656 2277 omnibus,
678 2221 735 2282 pro
752 2223 806 2262 aua
826 2201 949 2280 siugulis
965 2203 1116 2264 facultate.
1158 2202 1204 2261 Ita
1219 2211 1256 2260 tu

145 2285 269 2366 quidem
285 2285 425 2345 homines
445 2305 605 2367 suspensos
620 2287 788 2346 litterarum
809 2288 957 2348 suavitate
982 2287 1117 2348 tenuisti.
1163 2286 1254 2361 Quod

143 2379 248 2430 autem
262 2370 432 2430 emolitione
444 2380 497 2431 tua
509 2391 602 2450 aeque
616 2372 754 2431 omnibus
772 2373 936 2452 profueris,
958 2381 1023 2434 tum
1048 2375 1084 2434 iia
1102 2372 1156 2454 qui
1174 2392 1253 2431 ean-

143 2455 214 2515 dam
231 2454 295 2536 ipsi
309 2475 429 2534 quoque
440 2454 629 2536 disciplinam
644 2457 860 2536 excoluissent,
881 2467 948 2517 tum
961 2457 998 2518 iis
1018 2459 1070 2539 qui
1093 2459 1184 2518 rudes
1202 2477 1251 2517 es-

143 2549 231 2617 seut3
252 2539 302 2600 bis
315 2541 439 2620 quidem
453 2561 503 2602 eaa
517 2561 585 2620 res,
605 2561 678 2620 quaa
694 2563 849 2622 nunquam
862 2541 1034 2621 audierant,
1056 2544 1188 2621 edoctis,
1210 2543 1253 2601 il-

144 2625 187 2687 lia
198 2644 278 2687 vero
293 2645 408 2701 aarum,
431 2646 503 2705 quas
517 2646 673 2709 perperam
687 2628 872 2704 didicerant,
894 2638 976 2689 recta
993 2639 1023 2690 et
1039 2637 1177 2689 accurata
1195 2649 1251 2687 co·

147 2711 289 2789 guisiam
298 2711 471 2772 instructis:
492 2713 559 2793 quia
575 2733 638 2772 nou
649 2714 706 2772 tibi
721 2733 757 2774 eo
773 2713 895 2774 nomine
910 2714 1018 2791 gratias
1032 2712 1201 2796 [maximas]
1221 2709 1250 2790 ¹)
1334 2708 1341 2732 '

144 2797 227 2875 agit,
248 2806 280 2856 at
299 2795 429 2856 minores
440 2805 542 2857 tamen
556 2818 645 2878 quam
660 2819 735 2878 quas
747 2818 781 2859 re
795 2799 860 2881 ipsa
876 2797 986 2858 habeti
1014 2800 1162 2878 Equidem
1178 2794 1251 2856 mihi

140 2881 258 2944 videor
277 2881 359 2942 baud
380 2891 491 2942 temere
511 2883 674 2961 iudicasse,
695 2885 780 2954 illam
802 2885 959 2966 epistolam
981 2894 1066 2962 grata
1082 2883 1251 2963 lyricorum
1339 2889 1342 2896 “

139 2967 341 3028 modulemur
363 2968 508 3028 varietate
531 2990 549 3027 a
574 2967 716 3028 Thebano
742 2980 810 3031 vate
832 2971 1030 3039 elaboratam,
1061 2977 1091 3028 et
1115 2965 1249 3043 Veneris,

140 3054 211 3113 eiua
225 3052 372 3112 nimirum
385 3072 463 3132 quae
479 3074 496 3113 a
510 3054 635 3114 Platone
647 3055 784 3114 caelestia
795 3054 925 3130 dicitur,
946 3054 1066 3135 plenam
1080 3053 1250 3114 credidisse.

139 3137 240 3218 atqui
252 3139 350 3198 multa
359 3147 415 3198 tua
427 3139 508 3219 apud
524 3159 573 3198 me
591 3140 718 3199 collecta
732 3139 905 3200 excellentis
921 3139 1031 3219 ingenii
1049 3149 1078 3199 et
1088 3137 1250 3199 'facundiae

139 3232 343 3284 monumenta
363 3223 422 3284 alia
443 3223 671 3286 admirationem
692 3224 821 3284 habent:
851 3245 927 3304 quse
956 3235 1007 3300 tu,
1030 3225 1055 3285 ai
1077 3223 1249 3300 meministi,

138 3309 235 3369 tmto
248 3309 296 3368 illi
306 3309 378 3370 viro
392 3317 423 3368 et
438 3309 612 3371 doctissimo
630 3308 813 3390 philosopho
823 3308 852 3391 ²)
873 3308 1001 3390 Iosepho
1017 3309 1114 3369 divini
1128 3309 1250 3390 sapien-

136 3394 246 3475 tiaque
262 3395 401 3458 calamae
414 3391 442 3476 ³)
456 3394 631 3458 interventu
651 3394 796 3456 antehoc
813 3394 969 3458 biennium
988 3395 1104 3458 misisti.
1145 3395 1205 3455 liic
1218 3391 1248 3468 ⁴)

162 3561 211 3630 ·1)
235 3559 268 3613 Si
286 3559 361 3629 legas
378 3559 503 3628 μείζους,
519 3561 670 3616 vertendum
688 3560 756 3642 erit,
813 3563 884 3616 otios
897 3562 958 3634 ogit
976 3563 1100 3626 moces,
1123 3579 1201 3633 quom
1219 3577 1250 3618 re

210 3629 735 3764 amatae
758 3579 1250 3772 titubassem

211 3767 269 3822 eod
281 3737 375 3836 ariazo
387 3739 547 3836 cledistete,
562 3738 639 3834 duae
651 3721 757 3840 &addin
773 3767 828 3840 πρὸ
839 3721 963 3840 godviiv,
979 3770 1026 3825 acl
1039 3766 1115 3836 dume
1128 3721 1174 3825 dii
1186 3719 1250 3842 uoi-

215 3840 314 3892 εῖσθαι
325 3836 377 3905 τὴν
389 3834 493 3894 τούτου
508 3835 678 3907 διόρθωσιν,
696 3857 786 3911 parum
802 3839 907 3893 diversa
924 3841 957 3894 ab
976 3839 1090 3894 eiusdem
1105 3839 1250 3908 argumenti

213 3905 406 3975 disputatione,
422 3925 490 3978 quae
506 3908 576 3962 edita
587 3917 630 3964 ast
642 3910 715 3962 niae.
727 3910 793 3979 Bys.
816 3909 861 3962 lib.
872 3925 931 3963 vm.
948 3925 1006 3980 cap.
1022 3911 1064 3964 1³.
1122 3909 1154 3976 8)
1171 3906 1251 3960 Acin-

213 3975 316 4044 amus,
333 3993 392 4030 cum
402 3978 470 4030 bauo
483 3978 618 4047 epistolam
629 3977 749 4047 scripsit,
766 3979 862 4032 amous
875 3977 995 4033 Palamue
1008 3985 1073 4032 arat.
1108 3978 1144 4029 at
1160 3984 1252 4044 postas

218 4061 276 4097 cum
294 4042 339 4098 illo
353 4045 466 4114 capitale
481 4047 567 4101 odium
581 4050 639 4120 ipse
651 4055 680 4102 et
696 4049 831 4118 Gregcrea
848 4055 1028 4103 exercuerunt
1064 4045 1124 4100 Nou
1140 4053 1181 4099 est
1198 4047 1251 4100 lta·

217 4129 269 4183 que
283 4119 314 4164 ut
328 4115 481 4180 credamus,
498 4117 658 4190 Acindynum
672 4115 732 4170 ideo
743 4117 773 4170 ln
786 4117 835 4170 bac
845 4116 955 4188 epistola
967 4115 1107 4172 blanditum
1119 4116 1252 4169 easeGre-

217 4199 314 4250 ΕΜ,
330 4184 399 4253 ΨΜ
414 4185 536 4269 3⁸⁸0ch
551 4189 675 4242 udaeam
682 4180 811 4240 Palamam
825 4205 887 4242 cons
905 4188 1006 4269 iperet·
1029 4183 1097 4268 Vide
1114 4185 1252 4267 cod3lleg.

218 4248 446 4389 magiam
469 4255 515 4310 ubi
534 4256 655 4320 Pulsum
674 4256 825 4328 magistrum
837 4273 867 4312 aa
880 4205 1102 4326 lendynmoe
1117 4255 1253 4325 ponatur.
