3017 4742
396 309 633 381 NICEPHORI
655 310 896 385 GREGORAE
915 316 1035 387 VITA.
1190 334 1280 389 mv

174 490 297 534 neema.
306 468 447 531 Deoemh.
460 469 510 531 die
525 490 594 533 vm.
604 470 636 530 in
644 471 802 553 pervigilio
811 472 1021 556 fonceptionie
1033 477 1069 537 B.
1075 476 1207 559 virginio
1222 482 1278 545 Dei

174 558 298 633 matr-ie,
325 576 395 616 cum
415 555 448 615 in
467 555 583 617 Choree
604 557 780 619 monaaterii
804 560 908 620 eedem
931 564 1037 641 magne
1054 571 1086 623 et
1108 566 1278 645 promiscue

174 642 334 704 hominum
360 641 451 702 turba
475 642 681 723 convenirent,
703 644 808 705 eodem
829 665 897 707 cum
917 647 1040 707 necteria
1059 647 1182 731 irrepeit
1200 652 1279 731 dge-

174 729 354 809 thangelna‚
378 728 528 807 Gregoree
541 728 696 808 quondam
719 729 905 810 discipulum
928 751 963 791 ac
980 731 1100 794 circiter
1113 738 1279 801 secundam

176 816 276 874 noctie
300 813 434 892 vigiliam
460 813 494 873 in
517 813 651 893 magim'i
673 813 847 879 cubiculum
871 836 926 898 per
951 818 1110 883 feneatram
1131 820 1278 885 admieeue

178 908 233 961 eet.
268 899 362 977 Aegre
374 898 412 957 eb
422 898 478 959 illo
490 900 618 979 agnitus,
639 910 798 981 propterea
812 903 894 980 quod
908 902 994 963 annia
1014 904 1116 965 decem
1134 906 1204 967 totio
1221 929 1278 989 pa·

177 986 240 1045 trie
252 985 404 1055 abfuerat,
427 995 497 1065 poet
512 986 620 1045 amicae
638 986 721 1047 ultro
735 986 869 1067 citroque
880 987 1075 1050 allocutione·
1086 989 1216 1071 primurn
1228 1014 1277 1055 rea

176 1070 259 1130 inter
280 1070 532 1151 peregrinandum
550 1071 629 1131 vinea
647 1072 697 1131 vel
721 1073 856 1151 auditae,
876 1073 983 1133 deinde
1002 1084 1032 1135 et
1047 1096 1095 1152 ee,
1117 1096 1193 1155 quae
1205 1087 1277 1158 poet

175 1174 266 1215 enum
279 1155 316 1215 in
325 1156 438 1215 Urbem
452 1156 584 1216 reditum
598 1156 638 1217 ad
651 1157 812 1236 Gregoram
822 1157 1004 1239 pertinentia
1016 1160 1168 1232 didicerat,
1191 1183 1276 1225 eum-

174 1242 283 1301 matim
294 1241 444 1321 exposuit.
484 1242 563 1301 Tum
574 1261 608 1302 ee
622 1242 687 1323 ipae
697 1253 789 1304 nocte
803 1231 939 1305 nondum
950 1245 1049 1327 elapee
1062 1245 1199 1307 dimheue
1215 1248 1276 1309 do-

175 1346 261 1386 mum
278 1326 360 1385 abiit.
401 1325 484 1385 ldem
500 1336 665 1410 eextopoat
679 1329 847 1389 menaeaub
861 1330 978 1391 exitum
1005 1331 1084 1393 veria
1098 1330 1276 1411 ravenua1)

179 1431 230 1473 ree
252 1410 332 1471 domi
346 1431 382 1470 ec
393 1411 520 1471 militiae
532 1412 684 1493 superiore
697 1434 776 1474 anno
789 1424 884 1494 geaten
895 1416 1040 1477 narravit.
1081 1416 1129 1477 lte
1143 1438 1198 1497 per
1214 1427 1276 1479 free

176 1518 272 1557 annoa
290 1496 498 1557 intervisendo
513 1498 627 1576 effecit,
648 1509 688 1559 ne
705 1500 857 1561 inclueum
874 1502 1034 1581 quicquam
1051 1501 1160 1563 lateret
1172 1522 1276 1562 earum

173 1603 293 1659 mum,
315 1602 391 1662 qnae
410 1583 486 1642 noire
510 1585 571 1643 eiua
591 1584 755 1645 interesset.
797 1585 844 1645 Ex
858 1584 907 1647 hie
919 1585 1113 1665 Agathengeli
1128 1588 1277 1649 narratio-

174 1668 266 1729 nibus
290 1667 436 1746 Gregoree
458 1667 552 1729 libror
573 1670 705 1749 quinque
721 1669 882 1731 historicon
907 1670 1022 1747 texuit,
1044 1671 1187 1731 continua
1206 1692 1277 1732 ore-

177 1753 275 1811 tionie
295 1752 371 1811 serie
389 1752 421 1811 in
447 1751 600 1831 dialogum
620 1763 752 1829 mutam
775 1773 810 1813 co
832 1754 947 1815 scilicet
962 1755 1105 1830 coneilio,
1126 1764 1163 1813 nt
1178 1764 1280 1835 poseat

183 1837 308 1897 alterins
324 1835 418 1897 verbio
441 1846 507 1897 tum
530 1838 717 1897 adversarios
738 1856 864 1915 arguere
880 1837 1004 1897 liberine
1010 1884 1021 1914 ,
1042 1846 1109 1897 tum
1123 1858 1155 1898 ee
1176 1839 1279 1920 iprum

182 1922 298 1983 minore
314 1920 426 1981 invidia
440 1922 582 1998 laudere,
603 1922 657 1983 ubi
676 1942 724 1983 ree
737 1922 919 2002 portularete
943 1922 977 1981 id
989 1922 1071 2002 quod
1084 1922 1197 2002 alioqui
1212 1933 1278 1985 tur-

176 2027 218 2089 pe
240 2016 271 2065 et
283 2006 475 2084 indecorum,
497 2008 624 2067 fortaeee
647 2006 699 2067 iati
720 2006 951 2067 condonandum
963 2015 1025 2083 eet,
1047 2011 1191 2088 optimam
1205 2028 1278 2069 cau·

174 2112 238 2152 eam
251 2091 441 2169 defendenti,
464 2102 494 2152 ct
510 2112 580 2151 cum
600 2092 759 2152 haereticis
777 2092 952 2155 decertanti.
994 2091 1072 2152 Mihi
1091 2094 1210 2172 quidem
1223 2114 1276 2156 ve·

173 2178 299 2239 riaimile
320 2176 376 2253 fit,
398 2184 493 2236 totum
513 2178 591 2237 illud
601 2167 797 2257 agathangell
807 2177 933 2239 subinde
952 2177 1051 2237 euntia
1066 2179 1277 2259 redeuntieque

172 2263 347 2344 episodinm
370 2262 530 2322 confictum
542 2282 615 2323 enee
635 2263 675 2323 „g
697 2260 842 2323 historico
854 2283 889 2322 ea
904 2262 1042 2339 licentia,
1065 2284 1125 2343 que
1138 2262 1277 2344 pbiloao-

173 2346 229 2431 phi
244 2358 274 2407 et
289 2356 427 2407 oratorea
448 2346 582 2429 plerique
594 2348 628 2409 in
639 2348 767 2427 dialogia
777 2347 823 2409 uti
835 2348 947 2411 rotent:
969 2369 1148 2429 quamquam
1160 2348 1221 2410 boc
1231 2371 1277 2410 aa

173 2435 215 2495 tia
238 2441 381 2509 constat,
401 2432 537 2494 flmuime
558 2433 613 2494 illo
638 2453 712 2494 aevo
734 2432 879 2511 quendem
893 2434 1014 2493 nomine
1032 2433 1277 2513 Agathangelum,

172 2520 229 2599 qni
249 2529 280 2577 et
302 2518 446 2579 adverane
459 2519 622 2597 Gregorem
638 2519 750 2580 librum
763 2538 821 2598 pro
840 2519 1000 2581 Aristotele
1015 2520 1233 2600 apologeticum
1247 2518 1276 2598 ²)

175 2604 236 2665 acri
258 2604 340 2665 ecrit.
472 2611 478 2617 '
777 2644 780 2650 ·

236 2626 310 2747 Phb
327 2688 383 2748 illo
402 2697 555 2769 ternpore,
577 2698 634 2768 quo
652 2689 764 2749 Tomua
786 2686 978 2753 Pelamiticue
998 2690 1204 2769 promulgetur
1221 2696 1276 2765 eet,

176 2773 219 2835 ad
240 2774 328 2834 illum
341 2773 436 2851 diem,
458 2794 518 2853 quo
542 2774 666 2835 loennee
674 2773 880 2852 Palaeologue,
897 2775 1076 2854 Byzantium
1089 2782 1212 2854 repente
1225 2772 1277 2831 in·

175 2868 313 2939 ymno,
335 2880 484 2919 enmmam
509 2868 685 2939 potentatum
703 2859 833 2940 recepit,
859 2860 1005 2940 Gregorea
1028 2859 1115 2920 domo
1132 2868 1276 2937 tanquam

176 2964 298 3005 carcere
310 2946 450 3007 incluaua
463 2944 558 3003 multe
569 2944 761 3005 incommode
772 2945 906 3025 pertulit
934 2946 1003 3027 lpae
1016 2944 1054 3005 ad
1065 2965 1128 3004 cem
1142 2943 1275 3023 inopiam

175 3030 334 3091 redactum
350 3050 382 3091 ee
402 3030 555 3110 queritur,
575 3039 704 3091 uncum
722 3030 830 3091 hie-ia
850 3031 946 3108 frigor
970 3029 1171 3090 acutioimum
1192 3036 1276 3105 earet,

177 3116 292 3195 gelidae
310 3134 406 3197 equae
427 3116 536 3195 pocula
555 3115 640 3177 aliter
661 3116 827 3195 tepefacere
851 3114 933 3175 haud
954 3116 1105 3195 potuerit,
1124 3114 1186 3175 niri
1204 3114 1276 3173 colia

176 3201 273 3263 radlia
295 3222 354 3282 per
372 3202 530 3261 &nauem
546 3201 579 3261 in
596 3200 769 3262 cubiculum
783 3199 963 3261 intromieeie
979 3198 1017 3282 ⁸).
1058 3200 1140 3261 ldem
1160 3218 1277 3259 memo-

175 3296 243 3363 nt,
266 3304 376 3367 aquam
396 3306 427 3346 ee
450 3306 489 3345 ex
501 3294 590 3367 puteo
607 3295 742 3347 coactam
761 3285 885 3352 haurire
897 3286 938 3347 ad
952 3306 1059 3345 sunm
1071 3295 1165 3345 noctu
1178 3283 1278 3344 offen-

176 3372 274 3449 aiae,
295 3382 385 3451 atque
405 3370 479 3432 hinc
492 3371 596 3431 multia
610 3372 713 3433 diebna
726 3371 804 3452 pede
816 3381 985 3451 aegrotante
997 3391 1116 3431 neccsse
1132 3370 1188 3431 eibi
1200 3369 1278 3447 fuia-

177 3452 1278 3621 tetttll'fflatlltlttttl:‘nillitrlttlltilttii

177 3626 223 3686 ria
239 3627 348 3687 sannis
356 3673 365 3706 ,
384 3562 680 3708 mercennaria
694 3638 777 3688 metu
789 3562 833 3687 iri
837 3629 994 3708 speluncae
1010 3637 1040 3686 et
1056 3564 1092 3687 iri
1101 3625 1278 3687 solitudinee

178 3711 343 3790 fugierant,
364 3714 543 3794 permiaaum
564 3714 635 3774 olim
654 3713 729 3790 fuit,
751 3713 804 3773 ubi
817 3713 956 3773 cacerdoe
969 3712 1100 3788 abesset,
1121 3726 1278 3773 aecromn-

178 3806 267 3856 ctum
291 3796 399 3858 carnei
420 3819 530 3879 corpur
551 3798 683 3880 propriis
706 3798 842 3859 manibua
862 3818 979 3859 manere
993 3807 1024 3857 et
1037 3799 1083 3858 ori
1102 3816 1156 3856 eno
1172 3794 1277 3852 admo-

178 3900 261 3943 vere.
303 3882 426 3943 Illorum
449 3885 585 3965 exemplo
602 3885 765 3963 Gregoree,
785 3904 855 3943 cum
881 3885 969 3943 aliter
989 3904 1052 3942 non
1067 3882 1185 3954 liceret,
1206 3898 1279 3958 pro-

179 3976 282 4047 pterea
304 3968 386 4047 quod
403 3970 507 4030 nullur
528 3970 648 4029 adeum
670 3968 760 4030 domo
778 3968 928 4030 inclusum
939 3968 1078 4029 eacerdoa
1091 3962 1279 4024 orthodoxae

181 4052 323 4115 accedere
345 4054 491 4133 audebat,
512 4054 717 4117 Eucharistiae
738 4065 957 4117 armamentum
977 4052 1036 4114 eibi
1055 4048 1116 4131 ipsi
1136 4048 1278 4130 privatim

216 4252 246 4321 1)
261 4252 335 4307 lenio
352 4270 447 4309 menae.
514 4256 548 4324 2)
569 4252 709 4309 Indicatnm
727 4254 755 4309 in
771 4254 897 4323 catalogo
909 4250 1085 4306 Bibliothecae
1101 4245 1279 4306 Soorieleneie·

250 4322 282 4389 θ)
296 4322 366 4378 uine
382 4324 425 4379 lib.
440 4340 536 4381 xxvm·
604 4322 638 4392 4)
656 4324 726 4379 flue
744 4324 787 4377 lib.
801 4339 888 4376 narra.
