3017 4742
205 298 269 347 vsu
516 284 576 353 10.
596 280 764 356 BOlVlNl
782 280 1038 350 DEDIGATIO.

206 446 311 525 Magna
333 442 409 504 baec
434 452 466 505 et
492 442 655 525 praeclara.
697 439 759 503 Sed
781 440 909 501 ulterius
929 440 1038 501 deinde
1056 440 1222 522 progressis
1239 463 1304 505 non

205 547 323 608 minora
343 554 522 621 occurrunt3
543 544 727 605 Francorum
749 543 855 622 iugens
870 543 1035 619 exercitus,
1055 544 1110 603 sub
1124 544 1304 605 Cumsrssi-

205 650 272 729 gnis
293 646 439 707 militana:
460 646 529 709 Asia
548 645 688 707 subactas
711 665 760 707 res
779 654 862 705 terre
885 652 917 704 et
940 644 1017 704 mari
1040 646 1304 725 scanono,‚Divi

204 753 355 813 Luuovrcr
373 750 482 827 fratre,
504 757 610 809 contra
631 747 808 808 Micbailem
829 746 1037 826 Palaeologum
1050 749 1169 811 fortiter
1186 760 1303 830 gestae:

111 915 129 944 ·.
207 853 417 913 Catelanorum
440 852 566 931 denique
588 850 670 927 (nem
689 860 720 910 et
741 848 852 943 horum
865 850 960 927 gloria
975 849 1014 909 ad
1026 870 1082 910 nos
1097 850 1241 940 pertinet)
1254 853 1305 915 vi·

206 954 317 1015 ctoriae
338 954 529 1014 incredibiles
550 954 587 1014 de
608 951 731 1029 Turcis,
753 952 792 1012 de
812 950 982 1031 Byzantiis,
1005 952 1042 1013 da
1061 954 1197 1021 Achaeis.
1237 955 1304 1033 His,

204 1058 273 1118 linx
285 1056 423 1132 Mamm,
444 1055 627 1116 ornamentis
642 1054 800 1133 insignem,
822 1063 854 1115 et
866 1053 989 1115 virtutis
999 1055 1159 1118 Francicus
1176 1056 1305 1138 quibus-

207 1160 276 1221 dam
299 1159 383 1240 quasi
397 1158 562 1219 liminibus
574 1157 766 1235 illustratam,
790 1156 957 1237 Nwephors'
979 1158 1131 1239 Gregoras
1143 1160 1306 1221 Historiam

205 1262 351 1341 benigne,
370 1270 408 1321 nt
430 1281 535 1342 spero,
556 1270 737 1342 excepturus
760 1280 801 1321 ss.
841 1258 941 1319 Habet
959 1278 1034 1322 vero
1049 1260 1219 1323 Historicus
1241 1261 1307 1344 ipss

205 1364 312 1429 laudas
331 1362 494 1445 'proprias,
522 1382 651 1444 querum
680 1360 938 1423 commendatione
968 1364 1117 1443 optimum
1137 1362 1307 1444 Principem

207 1466 296 1527 facile
308 1464 365 1526 sibi
377 1464 530 1544 conciliet,
544 1464 647 1525 nobile
661 1464 743 1545 apud
750 1484 821 1527 anos
833 1464 1017 1544 Philosophi
1030 1486 1159 1529 nomena
1172 1467 1308 1527 omnium

209 1568 272 1630 iare
286 1566 492 1630 doctrinarum
507 1566 723 1647 professionem
734 1567 902 1649 publicem:
917 1564 1135 1647 Imperatorum
1149 1568 1308 1630 familiari·

207 1679 317 1733 tatema
337 1688 492 1752 supremae
510 1667 544 1729 in
557 1668 691 1731 Ecclesia
706 1669 820 1729 Graeca
841 1666 995 1747 dignitatis
1015 1668 1145 1750 insignia
1165 1672 1309 1753 repudia-

208 1779 256 1833 ta:
278 1778 310 1835 et
329 1768 404 1853 (qno
424 1768 504 1831 nihil
522 1770 604 1852 opud
621 1770 681 1848 Te,
701 1764 857 1847 religionis
876 1789 965 1830 veras
987 1770 1190 1850 defensorem,
1210 1774 1308 1834 mn'ns

209 1873 348 1935 turnum
364 1868 428 1951 est)
448 1871 566 1933 labores
587 1892 646 1951 pro
660 1878 743 1931 recta
759 1869 845 1930 Fidei
857 1868 996 1931 doctrina
1010 1872 1051 1933 sd
1066 1884 1232 1937 utremum
1241 1877 1308 1958 spi-

209 1975 304 2036 situm
318 1970 487 2035 exhaustos.
529 1972 589 2032 Sed
600 1969 672 2052 quid
686 1988 739 2048 ego
759 1968 833 2029 baec
847 1971 975 2051 Tecum,
995 1974 1065 2035 ltux
1075 1975 1306 2057 Auooscnsuaa,

211 2075 307 2137 alieno
333 2073 424 2157 plene
439 2072 596 2155 temporat
617 2089 688 2133 cum
700 2068 804 2133 omne‘s
822 2072 1014 2151 cogitationes
1030 2079 1108 2138 Tuas
1122 2089 1171 2139 tot
1180 2090 1210 2141 et
1224 2090 1308 2143 tanta

198 2174 329 2259 negotia
358 2175 418 2237 sibi
446 2174 622 2255 unumne
660 2192 730 2235 cum
764 2173 913 2253 cogendae
939 2177 1140 2262 undecunque
1166 2183 1308 2263 legiones,

214 2280 321 2341 chasse
343 2276 522 2355 armandae,
541 2276 704 2337 munienda
720 2274 850 2359 oppida;
870 2273 973 2337 hostes
992 2299 1056 2341 non
1073 2285 1185 2347 nostris
1201 2286 1308 2365 solum,

213 2380 267 2443 sed
285 2388 316 2441 et
337 2378 489 2443 sociorum
501 2377 611 2441 finibus
627 2376 765 2455 arcendi3
787 2396 857 2439 cnm
876 2376 1005 2462 denique
1022 2393 1052 2443 et
1064 2388 1247 2469 populorum
1257 2409 1309 2450 aa·

212 2482 273 2560 lus,
294 2490 325 2543 et
337 2483 450 2561 Regum
465 2480 572 2559 tutela,
587 2489 618 2543 et
636 2478 729 2541 totins
742 2498 837 2561 poene
850 2479 932 2544 orbis
946 2492 1096 2549 terrarum
1113 2508 1186 2549 cura
1198 2491 1308 2571 provi-

213 2584 345 2647 dentiam
356 2583 450 2645 'luem
466 2580 506 2645 ad
519 2602 553 2661 ¹se
565 2591 719 2643 revocant.
742 2582 834 2646 Plura
848 2583 963 2649 desino.
983 2586 1025 2649 At
1036 2590 1099 2663 Tu,
1120 2592 1231 2653 Raouu
1242 2613 1308 2655 su-

211 2706 302 2766 nus,
322 2695 389 2750 tum
402 2683 589 2768 sapientibus
600 2683 745 2762 consiliis,
765 2693 834 2749 tuns
846 2689 937 2750 armis
952 2688 1126 2753 victricibus
1136 2693 1216 2755 bella
1227 2715 1309 2758 eom·

212 2808 309 2871 pone;
330 2797 381 2865 ut,
402 2806 477 2871 pace
492 2784 629 2850 hostibus
647 2786 811 2869 imperata,
831 2788 899 2849 Tibi
918 2800 950 2852 et
971 2795 1045 2855 Tuis
1068 2794 1191 2873 longum
1212 2798 1308 2863 vivos,
1330 2852 1336 2861 ,

212 2891 295 2955 llaec
305 2900 378 2951 sunt
390 2901 463 2953 vota
473 2888 604 2971 publico.
645 2886 712 2949 Hoc
725 2888 850 2970 Religio,
872 2890 931 2954 hoc
947 2896 1085 2955 alumnae
1102 2898 1199 2978 Tuae,
1219 2900 1308 2963 Arses

214 3003 245 3057 et
269 2992 435 3070 scientim
463 2990 525 3053 hoc
539 2992 627 3055 novis
645 2990 781 3073 quotidie
804 3013 860 3075 per
878 2994 921 3057 Te
941 2996 1049 3079 opibus
1067 2999 1225 3081 florentes,
1253 3004 1308 3066 Bi-

212 3094 364 3157 bliotheca
382 3094 473 3175 ltegia
491 3103 522 3157 et
533 3095 686 3177 Luparsea
697 3093 896 3179 typographia
914 3117 1032 3163 mecum
1043 3111 1165 3166 vovent.
