3017 4742
183 952 712 1049 NICEPHORI
786 961 1284 1059 GREGORAE

377 1157 533 1279 vrrs
574 1148 801 1242 *mua
862 1166 1097 1249 areeri.

643 1362 839 1379 m

219 1480 262 1535 no
284 1481 326 1535 ni
342 1450 472 1543 mim
489 1484 677 1542 crunnum
699 1489 929 1556 mummii,
953 1491 1130 1549 neuoom
1150 1492 1251 1565 sagn·

453 1570 630 1638 inuocem,
648 1574 754 1646 scipsis
769 1576 818 1631 10.
836 1576 1020 1632 corvinos.

655 1754 813 1770 u

611 1894 859 1979 trra

189 2015 361 2143 Gregoree
377 2066 488 2142 vitam,
510 2077 646 2128 accurate
664 2076 849 2145 enarratam,
870 2088 934 2127 non
954 2066 997 2127 ite
1015 2065 1132 2149 pridem
1153 2067 1287 2147 vulgavit

183 2150 333 2211 Martinus
348 2148 505 2227 Haukiur,
527 2152 576 2214 vir
596 2152 703 2213 doctus
724 2150 804 2211 etin
823 2150 959 2212 historiis
980 2152 1100 2213 Graecia
1115 2153 1287 2233 Latinisque

183 2234 270 2295 haud
285 2236 481 2295 mediocriter
496 2247 639 2299 versatus.
682 2236 741 2297 Sed
758 2237 783 2296 is
798 2236 893 2297 libros
908 2237 1057 2315 Gregorae
1069 2236 1144 2297 alios
1159 2258 1222 2297 non
1236 2237 1287 2298 vi-

185 2321 290 2396 deret,
310 2320 371 2380 nisi
387 2321 526 2381 undecim
541 2320 672 2403 priores,
693 2322 730 2381 cb
747 2321 932 2404 Hieronymo
946 2322 1055 2382 Wolfio
1068 2321 1172 2384 editor.
1214 2322 1288 2402 Ego,

183 2416 221 2465 ut
238 2408 318 2465 Tute
337 2407 398 2466 scis
412 2409 511 2467 Arois
523 2408 737 2483 Noamrssuas,
758 2407 889 2485 integros
909 2406 1206 2487 duodequadraginta
1229 2407 1288 2467 ha-

183 2491 257 2565 bui3
279 2492 353 2551 item
372 2491 431 2551 alie
447 2492 590 2571 quaedem
605 2493 736 2554 eiusdem
748 2493 876 2555 euctorir
889 2492 1043 2570 anecdota,
1065 2512 1101 2551 ac
1116 2493 1149 2551 in
1163 2491 1200 2551 iis
1219 2492 1288 2552 die·

184 2577 292 2657 logum
308 2572 345 2633 de
359 2578 530 2657 Sapientia,
552 2578 605 2659 qui
617 2590 646 2639 ct
654 2580 832 2639 Florentius
843 2578 1026 2638 inscribitur.
1069 2576 1123 2637 Hie
1139 2577 1285 2654 omnibus,

188 2672 220 2721 et
235 2661 305 2721 aliis
320 2672 473 2743 praeterea
493 2665 658 2743 aequalium
673 2664 820 2743 Gregorio
836 2663 1017 2745 scriptorum
1031 2661 1116 2722 libris
1136 2662 1289 2743 perlectis,

186 2746 324 2829 plurima
342 2746 480 2807 adhunc
501 2748 578 2809 diem
599 2749 702 2831 paucis
715 2747 892 2829 investigata
909 2748 1021 2825 didici;
1040 2766 1161 2825 remque
1178 2747 1215 2805 ab
1229 2744 1290 2805 ho-

185 2832 272 2893 mine
291 2832 425 2909 erudito,
446 2832 499 2892 aed
515 2832 576 2893 illis
594 2834 668 2916 ipsis
687 2834 864 2895 adiumentis
880 2834 1037 2907 destituto,
1057 2832 1117 2891 iam
1139 2829 1191 2913 (ut
1206 2828 1289 2889 dixi·

185 2920 276 2991 mus)
292 2927 467 2995 tractatam,
487 2918 525 2978 de
539 2939 619 2980 novo
633 2919 783 3000 explicere
794 2918 921 2982 institui.
964 2919 1119 2977 Caeterum
1137 2915 1163 2975 ai
1177 2914 1291 2974 Hankii

188 3003 346 3083 exemplo,
369 3004 535 3063 alienorum
555 3024 680 3086 operum
696 3003 805 3085 pannis
826 3004 959 3083 undique
982 3001 1119 3077 collatis,
1140 3000 1289 3080 quendem

189 3087 290 3150 veluti
305 3098 462 3147 centonem
475 3090 646 3167 texuissem,
668 3089 781 3152 veritus
795 3111 874 3165 sum,
890 3108 928 3149 ne
938 3106 1067 3169 parvum
1081 3105 1136 3165 per
1149 3105 1181 3145 se
1195 3104 1289 3163 argu-

188 3182 329 3234 mentum
346 3173 380 3232 in
403 3193 540 3253 magnum
560 3178 668 3235 sensim
684 3176 824 3235 volumen
841 3181 1035 3235 excresceret.
1076 3169 1169 3231 Malui
1186 3170 1290 3249 itaque

188 3259 269 3319 mdo
284 3258 400 3337 verbis,
422 3269 452 3319 et
466 3258 630 3321 continenti
648 3262 710 3321 sere
725 3260 915 3337 nutatione,
936 3255 1088 3336 sigillatim
1109 3274 1243 3335 quaeque
1258 3262 1289 3315 et

187 3343 325 3406 breviter
347 3362 593 3407 commemorare:
621 3345 765 3405 nimirum
788 3357 824 3406 ut
844 3344 928 3405 cuius
946 3340 1082 3402 historici
1099 3340 1212 3417 libros,
1233 3358 1289 3419 per

188 3430 290 3491 varias
307 3428 506 3489 Bibliothecae
524 3441 610 3491 antee
623 3431 783 3511 dispersos,
804 3431 864 3490 tuis
877 3428 1044 3511 sumptibus
1057 3434 1177 3504 tuaque,
1192 3427 1290 3484 haar

190 3514 441 3593 hmoararssrue,
466 3516 642 3577 auctoritate
661 3516 900 3595 collegissemua,
921 3516 984 3573 eius
1004 3522 1040 3571 tu
1060 3510 1142 3570 dicta
1165 3520 1196 3569 et
1209 3510 1291 3569 saeta

190 3599 281 3661 brevi
294 3620 348 3679 per
360 3620 417 3660 nos
433 3600 536 3661 libello
556 3601 769 3683 comprehensa
783 3602 925 3677 haberes;
947 3608 978 3659 et
988 3596 1062 3657 hinc
1082 3604 1195 3676 quanta
1210 3593 1291 3673 apud

192 3704 269 3744 suos
289 3684 458 3746 celebritate
480 3686 625 3767 Gregoras
644 3697 748 3747 noster
767 3686 937 3761 llomisaet,
958 3682 1077 3744 facilius
1093 3679 1290 3756 intelligerea;

192 3790 254 3831 nec
266 3779 296 3829 te
309 3780 433 3831 navamc
447 3768 521 3830 huic
537 3772 678 3853 scriptori
695 3792 802 3853 operae
814 3780 935 3831 nostrae
947 3767 1122 3849 poeniteret.
1142 3763 1211 3822 Nou
1224 3780 1293 3821 sum

194 3864 297 3915 eutem
312 3856 384 3916 adeo
400 3856 539 3935 iniquus,
560 3867 596 3917 ut
609 3856 669 3916 hue
682 3857 889 3939 qualicunque
901 3854 980 3934 greti
995 3852 1087 3911 animi
1102 3846 1294 3925 significatio·

192 3960 236 4001 ue
259 3942 332 4001 satis
353 3961 401 4001 me
421 3941 477 4003 tibi
492 3963 549 4023 pro
567 3942 667 4003 officio
689 3963 755 4003 meo
777 3944 882 4005 fecisse
897 3939 1080 4001 existimcme
1101 3952 1158 3992 nec
1170 3942 1293 3993 tuorum
1417 3963 1421 3972 ·

194 4044 264 4104 erga
284 4047 332 4087 me
350 4026 526 4087 meritorum
545 4028 780 4108 magnitudinem
800 4029 844 4089 sic
864 4026 986 4106 guero,
1007 4031 1043 4083 ut
1056 4037 1144 4101 pares
1163 4036 1294 4099 unquam

194 4110 346 4172 beneficiis
358 4113 469 4191 gratiss
483 4114 649 4173 relaturum
662 4134 710 4173 me
724 4134 787 4174 erae
799 4112 958 4173 confidam.

281 4196 408 4259 Cireiter
430 4218 542 4258 annum
573 4198 684 4261 Christi
702 4218 843 4277 arccxcv,
861 4199 1028 4278 imperante
1048 4190 1223 4253 Andronico
1244 4205 1295 4247 se-

200 4280 298 4361 niore,
319 4282 507 4367 Nicephorum
532 4284 677 4367 Gregorcs
702 4294 792 4346 uatus
818 4292 865 4344 est
889 4282 925 4340 iu
954 4277 1034 4340 Asis.
1075 4274 1295 4359 Paphlagonum
