3017 4742
237 284 299 337 xrs
668 274 725 343 10.
744 274 911 346 130th

238 442 317 498 tatse
331 440 418 507 eunte
439 433 579 515 quonism
590 452 694 495 eorum
711 433 878 510 librorum,
898 434 1007 515 qm'bns
1018 445 1141 499 constet
1149 436 1204 501 iric
1212 438 1343 517 l'onres,⁴

237 538 360 601 unicum
370 538 524 619 exemplet·
534 536 730 618 possedimus.
750 538 883 599 Unicum
893 537 980 601 dieo:
993 559 1066 601 uem
1075 540 1221 605 Vaticana
1235 562 1338 603 uem·

237 639 334 721 pluria
354 658 412 698 nec
431 658 523 719 penes
545 660 601 701 nos
615 641 758 721 fuerunt,
779 660 838 702 nec
857 660 917 721 pro
930 640 1058 703 diversis
1070 642 1240 726 reputanda
1252 648 1336 718 sunt,

238 760 309 802 curn
332 750 434 802 nostra
457 762 495 803 ex
517 743 554 804 iis
574 742 725 825 descripta
744 742 817 807 siat.
859 742 942 819 Quas
960 754 1117 807 autemex
1136 743 1175 803 iis
1192 744 1338 805 lectiones

238 862 256 903 a
270 840 346 903 viris
366 843 464 905 doctis
478 846 682 927 suppeditatas
691 843 866 922 haberimus,
887 866 954 924 eas,
974 855 1010 909 ut
1021 867 1124 909 veram
1136 854 1167 907 et
1178 845 1339 924 genuinam

237 945 428 1026 scripturam,
448 968 511 1008 non
524 947 558 1007 iu
572 947 728 1028 margines,
739 947 796 1009 sed
807 945 842 1007 in
853 948 981 1009 mediam
995 948 1134 1031 pagiuam
1146 958 1178 1010 et
1189 948 1225 1010 iu
1236 947 1340 1030 ipsum

239 1042 290 1135 (ut
313 1043 411 1132 aiunt)
433 1056 608 1111 contextum
619 1049 845 1128 transtulimus3
866 1048 1001 1131 exceptis
1021 1049 1077 1131 iis,
1096 1070 1172 1132 ques
1188 1051 1226 1112 ab
1239 1050 1337 1111 amico

239 1149 393 1211 carissimo
413 1151 568 1216 Ludovico
587 1152 698 1213 Ter-nio
722 1172 823 1236 nuper
843 1150 948 1213 allatas
973 1151 1015 1214 sd
1038 1152 1152 1215 cdoem
1183 1152 1270 1215 Tomi
1287 1172 1339 1213 se·

155 1254 157 1261 ’
242 1251 336 1313 cundi
352 1251 387 1313 in
404 1254 495 1315 Notos
509 1254 678 1317 retulimus.

324 1355 472 1436 Equidem
485 1356 545 1417 lroo
557 1359 625 1419 loco
639 1367 808 1439 temperare
817 1355 894 1419 mihi
907 1376 971 1417 non
982 1375 1122 1439 possum,
1141 1356 1219 1438 quin
1231 1365 1264 1417 et
1272 1374 1340 1415 mea

241 1465 273 1517 et
285 1457 449 1539 Nicephori
463 1460 612 1539 Gregorae
624 1480 714 1522 causa
727 1460 860 1537 doleam3
881 1460 965 1540 quod
979 1480 1051 1521 cum
1061 1458 1113 1521 hic
1125 1480 1182 1541 per
1193 1478 1251 1520 uos
1264 1478 1342 1539 pos·

242 1568 371 1621 estnon
381 1559 481 1621 modo
500 1561 635 1643 integer,
655 1562 711 1625 ssd
722 1561 921 1623 etismtcrsus
934 1569 967 1623 st
980 1562 1116 1639 limatus,
1136 1563 1171 1623 iu
1182 1560 1342 1644 publicum

242 1661 356 1740 emitti,
377 1661 459 1723 idem
477 1671 578 1725 tamen
596 1664 735 1746 pluribus
752 1665 879 1725 fortasse
890 1664 1015 1725 maculis
1026 1684 1179 1745 respersus
1190 1662 1344 1725 ecdefor·

242 1763 300 1827 mis
315 1764 415 1824 lucem
426 1764 548 1825 demum
558 1766 695 1846 aspiciat.
721 1764 804 1825 Fieri
816 1764 897 1824 enim
908 1765 992 1825 haud
1001 1766 1113 1846 potuit,
1132 1776 1169 1825 ut
1182 1786 1246 1826 uon
1258 1764 1343 1823 mul-

241 1874 274 1925 ta
293 1864 327 1925 in
345 1864 519 1947 apographo
539 1864 768 1927 mendosissime
786 1864 893 1925 oculos
909 1884 995 1925 meos
1015 1862 1165 1944 fugerint,
1188 1876 1219 1926 et
1236 1865 1344 1924 incor-

242 1975 325 2029 recta
343 1966 550 2031 remanserint.
593 1968 715 2029 Poterat
736 1975 837 2027 autem
857 1964 910 2025 laio
921 1966 1054 2048 scriptor
1069 1967 1157 2045 louge
1173 1964 1344 2043 castigatior

242 2066 339 2127 darie
355 2066 459 2145 nobis,
480 2068 595 2148 siquae
617 2068 650 2129 in
661 2067 773 2150 pluteis
789 2067 941 2129 Vaticanis
955 2078 1059 2129 vetera
1072 2076 1178 2129 extant
1188 2065 1343 2145 exempla·

209 2184 214 2191 ·
241 2169 304 2247 ria,
326 2188 361 2228 ea
377 2189 470 2249 penes
493 2190 550 2231 nos
570 2170 709 2234 fuissent.
751 2171 813 2231 Sed
831 2170 974 2231 nimirum
992 2170 1048 2231 uni
1066 2190 1129 2231 non
1151 2168 1250 2229 omnia
1272 2168 1343 2227 data

242 2279 323 2331 sunt.
365 2271 457 2346 Quod
476 2282 577 2333 autem
596 2275 693 2335 facere
712 2292 767 2351 ego
781 2292 845 2333 non
857 2274 963 2355 potui,
984 2272 1018 2333 id
1032 2270 1184 2353 quondam
1208 2271 1342 2345 fortasse,

242 2370 270 2432 si
281 2372 360 2433 tanti
376 2394 424 2435 res
446 2394 511 2435 esse
523 2373 692 2453 videbitur,
713 2374 832 2437 felicior
845 2375 968 2436 alterius
983 2373 1133 2435 industria
1149 2370 1321 2453 praestabit.

325 2474 375 2537 sd
395 2476 531 2537 Latinam
550 2476 829 2560 interpretationem
850 2488 985 2539 nostram
1005 2476 1088 2557 quod
1108 2476 1237 2549 attinet,
1264 2471 1343 2533 scri·

240 2576 338 2659 ptoris
355 2578 464 2639 Graeci
474 2589 606 2641 mentem
624 2580 651 2639 si
670 2600 718 2641 me
733 2580 845 2660 ubique
865 2589 1062 2660 assequutum
1074 2578 1168 2640 fuisse
1187 2576 1343 2652 affirmem,

243 2700 385 2758 arrogans
401 2681 475 2743 sim:
497 2682 672 2763 praesertim
691 2702 763 2743 cum
776 2702 834 2743 nec
846 2682 957 2741 Wolfio
971 2681 1040 2762 ipsi,
1061 2690 1203 2742 veterano
1215 2687 1247 2739 et
1260 2698 1346 2749 eme·

243 2781 495 2865 muirtemne,
515 2785 549 2845 id
566 2784 733 2864 contigerit.
775 2784 934 2844 Possumus
950 2804 1023 2845 vero
1037 2791 1160 2863 uterque
1173 2780 1231 2842 hac
1246 2779 1346 2841 ratio-

244 2902 285 2945 ne
309 2905 367 2945 nos
387 2886 561 2965 defendere,
582 2888 666 2967 quod
686 2884 740 2966 qui
759 2884 841 2946 viam
862 2886 976 2947 nullius
997 2905 1100 2965 gressu
1119 2886 1219 2946 tritam
1242 2883 1346 2961 ingre-

244 2986 365 3064 diatur,
387 2988 416 3047 ei
426 2989 639 3051 difficillimum
656 2990 698 3051 sit
717 3008 781 3049 uon
792 2988 869 3065 labi,
889 2989 1064 3069 praesertim
1084 2988 1114 3047 si
1125 3008 1159 3047 ea
1176 2985 1294 3046 lubrica
1305 2984 1347 3043 sit

246 3097 277 3150 et
291 3090 467 3169 confragosa
482 3100 513 3152 et
525 3093 648 3153 salebris
662 3092 769 3173 plena,
791 3091 892 3171 quales
910 3091 1021 3172 passim
1041 3090 1146 3151 obiicit
1156 3085 1347 3167 Nicephorus

244 3202 363 3269 noster3
385 3192 438 3272 qui
453 3193 569 3272 quoties
582 3193 703 3271 evagari
715 3193 806 3255 libuit
826 3194 912 3270 (libet
927 3202 1027 3253 autem
1046 3192 1137 3252 nimis
1159 3184 1260 3271 saepe)
1280 3197 1347 3247 tum

245 3292 367 3355 demum
391 3293 537 3355 disertum
555 3316 587 3355 se
601 3304 631 3357 et
645 3297 809 3377 elegantem
830 3295 946 3367 eredit.
968 3315 1037 3355 cum
1060 3293 1238 3355 sententiam
1261 3310 1348 3351 suam

244 3395 409 3459 verborum
431 3396 601 3477 ambagibus
617 3418 708 3477 quam
735 3396 867 3459 maxime
881 3396 1036 3479 perplexis
1054 3395 1213 3458 involvere
1236 3391 1348 3473 potuit.

330 3497 418 3559 Tomi
428 3497 522 3580 primi
535 3500 660 3581 singulis
673 3498 807 3582 paginis,
828 3499 970 3582 quonism
985 3510 1154 3578 temporum
1168 3495 1245 3559 ratio
1259 3493 1293 3554 iu
1311 3513 1349 3554 ee

244 3597 389 3661 murrina
407 3610 494 3682 perte
513 3622 578 3663 non
598 3602 672 3663 satis
691 3612 774 3665 certa
795 3624 859 3665 esse
876 3603 1049 3677 videbatur,
1070 3620 1183 3661 anuum
1201 3594 1350 3680 praescri·

244 3700 393 3764 berenon
415 3703 582 3786 potuimus.
621 3704 725 3785 Itaque
734 3705 803 3765 illic
814 3726 872 3786 pro
887 3703 1130 3785 ennislmperis,
1150 3718 1348 3780 aeuregnsn-

243 3803 322 3865 tium
335 3804 553 3888 imperatorum
563 3807 685 3869 nomina
691 3851 702 3888 ,
722 3807 822 3888 posite
835 3816 916 3869 eunt.
956 3808 994 3869 ln
1005 3807 1100 3867 Temo
1119 3803 1268 3880 secundo,
1289 3820 1350 3861 au·

245 3906 415 3990 nosipsos,
435 3910 578 3991 quoniam
591 3910 630 3972 de
650 3910 688 3971 iis
703 3910 875 3989 constebat,
895 3909 1109 3992 apposuimus3
1130 3908 1348 3988 Imperatorum

247 4018 349 4072 autem
363 4012 486 4075 nomina
498 4013 659 4076 omisimus.
701 4012 823 4096 Quippe
835 4032 907 4074 cum
925 4034 981 4094 per
998 4032 1092 4073 annos
1119 4011 1222 4073 decem
1239 4024 1348 4089 perps-

245 4118 337 4189 tuos‚
361 4132 437 4193 quos
450 4117 584 4179 continet
597 4116 650 4177 hic
660 4114 790 4196 Tamus,
810 4123 943 4198 potestas
954 4113 1149 4198 Imperatoria
1164 4130 1256 4197 penes
1270 4110 1348 4170 duos

248 4212 404 4298 Principes
415 4218 517 4302 fuerit,
529 4219 783 4301 Pelaeologum'et
794 4217 1046 4299 Cantacureuum,
1060 4216 1170 4281 inutile
1179 4234 1244 4279 ease
1253 4210 1347 4276 duxi·
