3017 4742
249 306 331 361 xm
454 290 689 364 nmenoni
708 290 949 365 cnuconna
969 260 1147 362 moon.

248 454 393 537 quaedam
406 473 470 514 non
494 472 617 534 prorant
641 451 715 512 falia
738 450 865 526 scribat,
893 460 923 511 et
944 471 978 511 ee
996 417 1099 511 noeter-
1111 457 1164 507 aut
1184 447 1262 507 tanti
1278 466 1345 509 non

247 540 382 627 acetimt
393 540 515 619 eiusque
525 538 675 598 iuventuti
689 536 885 597 condonanda
897 546 998 619 putett
1014 545 1065 597 aut
1077 530 1253 610 dissimulet,
1264 542 1320 595 etc.

305 640 373 704 Ger.
388 642 472 702 Ioan.
492 640 637 715 Voeaiua,
658 637 695 697 de
706 642 827 702 Iscotor.
844 640 950 698 Graec.
965 638 1036 699 Lib.
1053 637 1092 696 11.
1111 636 1184 717 Cap.
1195 656 1295 698 xxrx.

329 728 488 789 Proximus
507 723 683 784 Metochitoe
695 723 768 783 huic
781 721 1036 803 eatoNicephorna
1049 722 1208 801 Gregorae:
1231 721 1345 801 quippe

244 811 299 894 qui
312 822 342 873 ct
357 812 470 872 litteras
480 810 520 870 ab
536 830 569 869 eo
585 810 731 891 accepitne
744 830 776 869 ae
788 808 907 885 referat,
928 817 974 884 et,
994 818 1031 867 ut
1045 807 1185 882 diximus,
1207 806 1344 867 oratione

243 918 297 958 ana
319 907 468 957 mortuum
492 894 665 959 honestant
709 892 770 956 Hic
793 902 998 974 praeterquam
1024 893 1107 973 quod
1128 893 1344 972 interpretatur

244 992 291 1043 eet
306 982 422 1063 Synenii
439 981 549 1041 librum
565 980 602 1039 de
624 979 796 1052 insomniic3
819 988 937 1059 praeter
959 978 1029 1037 item
1054 978 1113 1037 alio
1132 979 1242 1053 multa,
1265 995 1343 1057 quae

245 1066 278 1127 in
294 1068 396 1129 Italiae
421 1064 613 1126 Bibliothecia
643 1065 854 1142 adservantem
885 1063 973 1123 etiam
993 1062 1137 1123 hiatoriae
1158 1063 1344 1143 Byzantinac

244 1153 385 1213 undecim
411 1150 546 1212 condidit
570 1150 680 1226 libroa;
710 1150 818 1230 quibua
846 1150 1021 1229 complexui
1052 1158 1096 1207 eat
1117 1166 1165 1207 ree
1194 1168 1344 1207 annornm

246 1258 333 1300 cxcv.
351 1234 377 1318 1)
399 1258 416 1296 a
430 1236 586 1297 Theodoro
602 1236 724 1294 Laecnre
735 1230 845 1315 'priore
857 1254 952 1313 noque
966 1233 1005 1294 od
1017 1254 1100 1294 auom
1117 1242 1255 1309 aetatem,
1275 1233 1344 1293 eive

244 1324 360 1384 obitum
381 1321 545 1383 Andronici
560 1320 727 1398 Palaeologi
747 1318 936 1400 posterioria,
967 1320 1018 1401 qui
1042 1318 1150 1378 incidit
1172 1318 1206 1377 in
1227 1338 1344 1379 annom

245 1408 315 1471 chr.
331 1428 473 1469 ucccnxt.
491 1406 520 1490 ²)
538 1416 593 1468 etc.
635 1406 670 1465 in
683 1405 770 1466 rebua
781 1404 962 1482 Andronici,
983 1405 1017 1463 in
1037 1404 1121 1463 cuiue
1142 1413 1239 1463 morte
1258 1404 1344 1463 deci-

244 1514 315 1553 nere
338 1514 405 1553 eum
433 1493 581 1567 diximus,
604 1491 704 1551 minua
725 1491 814 1549 fidem
841 1501 980 1549 meretur.
1022 1490 1098 1547 Sane
1113 1489 1343 1551 Cantacuaenuo

243 1576 386 1638 historiae
399 1599 469 1638 tuae
482 1578 535 1638 lib.
553 1597 595 1639 ιν.
612 1597 676 1657 cap.
692 1596 779 1637 xxrv.
795 1584 825 1635 et
839 1596 915 1635 xxv.
928 1574 1017 1635 valde
1028 1594 1095 1633 enm
1111 1576 1247 1652 erogitat,
1267 1583 1344 1633 ten·-

244 1684 332 1742 quam
348 1664 443 1723 levem
454 1671 484 1723 et
495 1660 717 1721 mendaciorum
732 1661 930 1722 manifeotuin.
971 1660 1085 1738 Nempe
1097 1658 1284 1738 Nicephorua
1304 1659 1342 1719 in

242 1748 310 1807 aula
322 1748 401 1807 vixit
414 1746 579 1807 Andronici
594 1748 656 1821 ovi5
678 1766 734 1805 nec
751 1766 799 1805 rea
814 1746 929 1826 nepotio
941 1754 1003 1803 tom
1018 1754 1122 1803 exacte
1130 1744 1232 1825 potuit
1239 1765 1342 1822 norae,

241 1852 329 1911 quam
337 1834 568 1893 Cantacuaenua.
596 1831 692 1891 Simul
707 1830 796 1891 etiam
811 1830 922 1889 effectu
934 1828 1143 1911 abripiebatur,
1162 1850 1222 1912 quo
1238 1831 1342 1891 minuo

241 1930 377 1978 cerneret
397 1938 510 1977 verum.
553 1918 686 1995 Impenae
706 1916 786 1975 enim
808 1917 924 1976 fovebat
945 1936 1001 1973 avo
1026 1915 1169 1975 advereua
1187 1924 1342 1995 nepotem,

239 2003 320 2061 inter
340 2021 413 2081 quoe
437 2002 474 2061 de
494 2002 619 2081 imperio
640 2000 817 2061 certabatur.
851 2002 952 2081 Neque
974 2001 1011 2061 de
1029 2000 1202 2061 Andronico
1222 2001 1340 2080 aolum;

239 2086 293 2147 aed
309 2086 346 2145 de
362 2087 566 2147 Cantacuzeno
581 2084 670 2145 etiam
685 2085 835 2148 mentitur.
879 2087 937 2145 Sed
952 2086 1020 2162 illa,
1044 2105 1117 2165 quae
1133 2085 1272 2147 debuine
1287 2106 1341 2163 ge.

238 2171 292 2230 etis
312 2171 464 2251 prodidit,
494 2172 543 2230 vel
566 2171 598 2229 in
619 2168 802 2229 Bibliotheca
825 2172 953 2249 quadem
975 2190 1044 2231 cum
1067 2172 1168 2231 blattis
1190 2170 1342 2252 tineiequc

236 2256 392 2333 rixantur3
414 2256 465 2319 vel
480 2256 600 2337 penitus
615 2254 848 2333 interciderunt3
871 2257 953 2335 quod
974 2256 1075 2317 verina
1089 2266 1179 2339 puto,
1203 2265 1258 2316 etc.

256 2360 319 2419 Leo
337 2358 494 2437 Allatiue,
516 2359 739 2419 Exercitatione
757 2356 813 2418 III.
835 2360 869 2415 in
881 2360 1108 2436 Praefationem
1125 2358 1313 2441 Creygdtoni.

321 2444 356 2503 In
367 2444 429 2504 illie
445 2446 560 2527 [Niceti
574 2454 603 2505 et
619 2441 761 2521 Gregoro]
775 2452 844 2501 aunt
858 2452 888 2501 et
906 2444 1092 2523 eloquentiae
1105 2446 1228 2521 lumina,
1249 2456 1278 2505 et
1289 2446 1340 2506 di.

237 2527 346 2589 ctionia
358 2530 480 2610 entique
489 2530 640 2607 facundia,
653 2538 684 2587 et
697 2531 788 2608 χνοῦς
794 2524 841 2606 (ut
852 2547 914 2587 rem
923 2530 1014 2589 verbo
1023 2530 1193 2611 expediam)
1202 2526 1340 2615 ἆρχαῖος.

278 2629 373 2704 Idem,
385 2630 514 2703 ibidem,
530 2642 603 2711 poet
622 2632 755 2691 allatum
774 2630 808 2691 V
802 2633 878 2688 carii
895 2627 932 2689 de
945 2633 1057 2692 Neceto
1077 2636 1292 2694 tetimonium.

321 2718 384 2777 Nec
405 2718 463 2777 alia
486 2716 548 2778 dici
560 2726 686 2800 poeaunt
708 2716 746 2777 de
767 2716 914 2797 Gregora,
940 2718 993 2799 qui
1011 2730 1110 2779 tamen
1128 2718 1259 2781 dictione
1278 2740 1340 2781 aun

234 2802 382 2885 placidior
397 2802 474 2867 fluit.
508 2840 512 2857 ι

244 2907 373 2967 Thomas
393 2905 608 2987 Dempaterua‚
636 2906 725 2963 initio
749 2902 896 2963 Auctarii
919 2905 1052 2967 Roman.
1074 2903 1183 2986 Antiq.
1208 2906 1337 2969 Roaioi.

320 2990 508 3073 Nicephorue
517 2991 673 3069 Gregoroo,
689 2986 910 3049 Historicorum
925 2990 1007 3049 illiue
1022 2989 1088 3049 aevi
1102 2992 1290 3055 utilieoimuo.

439 3094 522 3153 Gutt.
534 3092 621 3168 Cave,
634 3094 753 3155 Hietor.
764 3094 898 3152 literar.
910 3094 1005 3149 Parte
1017 3091 1126 3151 altera.

319 3178 505 3259 Nicephorue
529 3179 691 3255 Gregorae‚
716 3178 915 3257 Byzantinus,
937 3173 1132 3256 philoaophua
1154 3185 1184 3237 et
1203 3176 1337 3238 histori-

235 3280 289 3324 cne
311 3262 451 3342 insignio,
473 3262 546 3323 ertio
566 3265 656 3322 etiam
678 3263 824 3323 oratoriae
847 3260 1057 3341 peritieaimon,
1080 3261 1254 3323 Andronico
1274 3282 1336 3325 avo

233 3348 410 3431 Imperatori
428 3348 507 3409 inter
520 3368 632 3428 paucoe
651 3368 753 3425 carue,
773 3347 881 3407 claruit
897 3366 976 3405 anno
989 3366 1141 3409 uocem.
1161 3356 1217 3408 etc.

316 3432 371 3493 Hia
386 3434 535 3495 addantur
553 3430 677 3495 Cardia.
694 3437 804 3503 Bona,
824 3436 858 3491 in
874 3433 995 3491 Notata
1007 3431 1181 3491 Auctorum
1189 3434 1337 3513 praefixa

233 3517 310 3578 libro
329 3516 366 3579 de
386 3518 491 3579 Divite.
512 3516 670 3580 psalmod.
688 3521 842 3595 Bzoviua,
873 3528 902 3574 et
924 3514 1128 3595 Raynaldue,
1161 3520 1193 3577 in
1213 3520 1335 3581 Amal.

231 3604 348 3664 Ecclee.
371 3600 416 3663 ad
434 3602 474 3669 A.
498 3602 530 3663 0.
554 3604 647 3670 1834.
668 3604 780 3665 From.
796 3602 833 3662 de
853 3600 1024 3678 Moncada,
1060 3601 1283 3663 catalonorum
1302 3616 1335 3664 et

231 3687 638 3771 AragonumEopeditionie,
648 3710 715 3769 cap.
726 3698 1095 3751 711.x.xx11.nxlr·etc.
1112 3688 1334 3768 Creygdtonue,

232 3778 267 3835 in
279 3777 478 3854 Praefatione
493 3775 654 3833 Historiae
668 3765 802 3835 Concidit
816 3772 995 3833 Florentini.
1035 3774 1098 3831 Leo
1112 3772 1271 3846 Allctiua,
1292 3772 1335 3833 de

231 3860 386 3921 Eccleeiae
402 3857 553 3921 occident.
565 3870 593 3919 et
607 3860 721 3921 Orient.
731 3882 818 3941 perp.
831 3880 912 3919 cono.
917 3880 952 3938 p.
965 3860 1037 3925 Bm.
1051 3860 1164 3917 Petrae
1170 3860 1333 3938 Poaeinur,

232 3946 267 4003 in
279 3946 378 4005 literis
400 3943 445 4005 ad
456 3948 627 4019 Lentonem,
651 3946 800 4025 praefixit
817 3946 979 4004 Isutorioe
990 3943 1251 4021 Pucdymerinnne
1260 3944 1336 4007 An·

231 4026 350 4089 ἀτοπία·
363 4033 430 4093 Sen.
448 4032 639 4105 Poeoevinuo,
663 4032 829 4108 Genneruo,
849 4031 1004 4108 Monens,
1025 4028 1181 4111 Hankim,
1204 4031 1333 4094 mum

231 4124 337 4191 winae,
358 4113 442 4177 Lod.
453 4116 503 4181 ΕΙ.
520 4114 672 4177 Du-Ptn.
684 4127 737 4181 etc.

265 4244 298 4318 1)
314 4261 436 4303 cmm.
457 4222 460 4235 ⁵
503 4246 537 4319 2)
553 4262 680 4306 necem.
