3017 4742
692 872 751 935 nc

236 997 243 1015 '
275 1031 494 1103 nacula.
525 1035 593 1103 nr
620 1039 945 1109 cranaoson
973 1038 1159 1122 naun,

166 1204 224 1289 n.
292 1202 1264 1325 anronrnnrneennnn,

188 1406 451 1465 monstenem
465 1411 519 1465 ET
530 1414 816 1470 watssnrtnomtl
831 1414 1022 1483 notumne,
1037 1416 1251 1475 catastam

446 1514 684 1575 munerante
701 1518 899 1586 CONSILIIS,
915 1518 1000 1575 E'I'O.

170 1750 269 1861 Non
291 1805 423 1883 equidem
445 1807 512 1868 sine
533 1818 650 1885 ments,
671 1828 755 1884 reor,
777 1808 842 1868 sina
855 1808 978 1869 numine
999 1804 1104 1870 divam
1123 1806 1180 1894 (ut
1199 1811 1270 1871 Vir-

176 1904 240 1981 gun·
256 1907 354 1966 verbis
368 1914 453 1988 uter)
475 1910 521 1969 sic
539 1911 666 1989 accidit,
688 1910 744 1969 Vir
757 1908 960 1990 empltsnme,
981 1920 1017 1972 ut
1036 1921 1088 1971 tua
1107 1914 1272 1991 praestanti

172 2006 361 2087 liberalitate,
385 2021 416 2069 at
429 2012 573 2091 singulari
587 2014 704 2074 losnns
717 2014 964 2073 Donsnacnwsan
974 2012 1131 2091 industria,
1150 2015 1271 2095 Byzan·

171 2110 264 2169 tinam
283 2110 441 2174 historiam
469 2134 487 2174 a
512 2117 706 2176 Constantino
726 2116 834 2195 Magno
853 2135 949 2195 usque
978 2116 1015 2175 ad
1039 2112 1270 2179 Constantinum

168 2222 375 2294 postremum,
397 2238 415 2274 a
432 2216 552 2278 Graecis
568 2218 746 2300 descriptam
759 2217 947 2295 hominibus,
966 2218 1112 2297 integram
1130 2229 1162 2280 et
1173 2205 1285 2301 peria-<

169 2326 249 2377 ctam
263 2316 450 2381 haberemus
492 2320 556 2379 Etsi
569 2320 648 2381 anim
661 2320 744 2380 illius
759 2320 905 2401 epitomae
919 2320 1064 2400 quaedam
1078 2330 1192 2402 extant,
1204 2344 1270 2405 par-

167 2419 225 2479 tim
237 2442 255 2478 a
267 2420 386 2481 Latinis
397 2419 594 2501 scriptoribus
608 2422 714 2499 editae,
736 2422 848 2503 partim
863 2443 902 2483 ex
914 2422 963 2482 hia
974 2423 1087 2483 nostris
1097 2426 1271 2486 auctoribus

169 2521 347 2603 decerptam
367 2532 474 2583 tamen
486 2524 591 2584 Graeci
605 2523 717 2585 certius
731 2523 863 2585 etfusius
878 2526 1020 2607 pleraque
1033 2525 1067 2585 in
1081 2527 1205 2588 Oriente
1220 2548 1272 2605 ge·

171 2632 219 2682 sta
243 2623 484 2705 descripserunt,
506 2646 581 2705 quae
600 2626 648 2687 illi
668 2626 723 2687 vix
745 2626 924 2707 attigeruuts
951 2628 1103 2707 multaque
1127 2629 1273 2703 referunt,

173 2725 290 2785 Latinis
303 2726 363 2786 illis
378 2729 427 2787 vel
440 2728 530 2809 plane
545 2728 712 2808 incognita,
729 2731 781 2791 val
800 2730 838 2789 de
857 2729 1005 2790 industria
1019 2729 1169 2806 neglecta,
1190 2728 1273 2805 quod

174 2848 209 2889 ea
227 2830 328 2889 minna
340 2830 379 2890 ad
390 2850 423 2889 se
437 2830 586 2911 pertinere
598 2840 752 2911 potarent:
775 2831 853 2891 sicut
866 2842 898 2891 et
913 2829 1020 2891 Graeci
1034 2828 1168 2890 vicissim
1179 2848 1228 2888 res
1242 2828 1274 2889 in

173 2932 342 2993 Occidente
355 2944 449 3011 gestas
464 2954 571 3014 parum
585 2943 737 2995 curarunt.
766 2934 842 2993 Nam
854 2952 923 2993 cum
937 2930 1078 3012 princeps
1091 2930 1212 3012 Imperii
1226 2950 1275 2989 se-

174 3034 230 3095 des
239 3034 435 3115 Byzantium,
458 3056 533 3117 quae
549 3058 566 3095 a
584 3037 740 3098 conditore
755 3036 858 3117 potius
879 3052 966 3113 quam
980 3034 1192 3110 instauratore,
1211 3054 1275 3093 non

171 3146 292 3199 tantum
315 3138 603 3219 Constantinopolis,
631 3139 686 3200 aad
710 3148 741 3199 et
763 3158 843 3200 nova
863 3139 956 3197 Roma
975 3136 1059 3222 dicta
1077 3136 1153 3212 suit,
1173 3145 1275 3196 trans·

169 3240 233 3301 lata
253 3250 345 3301 esset:
373 3241 519 3322 paulatim
541 3252 630 3302 vetus
647 3242 742 3301 Roma
763 3260 832 3300 cnm
854 3238 990 3299 finitimis
1011 3237 1176 3318 provinciis
1192 3260 1209 3298 a
1224 3249 1274 3299 to-
1300 3234 1304 3251 '

171 3342 235 3403 tius
264 3342 389 3425 imperii
408 3342 494 3423 quasi
513 3363 639 3424 corpore
664 3344 782 3420 avulsa,
803 3341 912 3424 partim
937 3340 1146 3420 pontificibus,
1166 3341 1277 3421 partim

176 3445 286 3503 exteris
310 3446 483 3529 nationibus
505 3446 614 3527 paruit.
656 3448 767 3506 Secuta
788 3454 862 3505 sunt
887 3443 996 3503 deinde
1017 3442 1105 3502 etiam
1125 3442 1277 3522 religionis

177 3542 321 3620 dissidia,
343 3548 566 3625 contentiones,
587 3548 729 3627 insidiae,
750 3556 853 3630 aperta
869 3546 968 3622 bella,
989 3552 1020 3605 et
1035 3545 1168 3607 diaerm
1190 3547 1277 3605 etiam

176 3652 375 3726 utrorumque
393 3650 578 3730 populorum
599 3650 823 3731 appellationes.
866 3649 941 3709 Nam
953 3648 1113 3728 Byzantini
1128 3668 1160 3707 aa
1173 3648 1279 3707 Itoma-

172 3768 253 3821 noe,
278 3756 309 3807 et
323 3768 393 3809 suos
413 3751 564 3831 principes
577 3750 730 3832 Ῥωμαίων
747 3750 900 3833 βασιλέας,
922 3761 1052 3812 caeteros
1073 3760 1174 3810 autem
1187 3745 1278 3805 chri-

171 3850 293 3910 stianos
310 3854 438 3932 populos
460 3862 491 3912 et
504 3874 606 3933 reges,
629 3852 681 3933 qui
701 3854 865 3914 Romanum
882 3854 1057 3936 pontificem
1073 3850 1279 3929 agnoscebant,

172 3952 350 4035 promiscue
364 3956 485 4016 Latinos
498 3946 709 4031 nominarunt,
732 3976 749 4013 a
764 3956 871 4036 quibus
886 3953 947 4037 ipsi
961 3965 1065 4015 contra
1078 3949 1183 4011 Oraaci
1198 3950 1278 4012 dica-

172 4055 298 4119 bantur.
343 4056 385 4117 Ut
403 4058 495 4138 igitur
506 4080 553 4120 ree
565 4060 597 4119 in
613 4057 777 4117 Occidente
787 4068 900 4137 gestae,
922 4054 1082 4116 elatiniss
1103 4051 1147 4113 sic
1159 4053 1279 4134 quaein

176 4156 301 4217 Oriente
317 4160 528 4239 contigerunt,
551 4180 567 4219 a
583 4160 705 4219 Graecia
722 4159 835 4221 rectius
849 4167 1003 4241 petuntur.

259 4260 371 4321 Fateor
385 4262 539 4341 equidem,
561 4262 599 4323 ad
614 4264 760 4323 Zonaram
780 4258 1018 4323 convertendum
1037 4255 1194 4338 praemiis,
1216 4264 1281 4315 ate

174 4361 358 4440 propositis,
381 4382 477 4441 eoquo
490 4372 625 4447 tempore
647 4361 721 4423 mihi
740 4359 992 4445 peropportanie,
1013 4359 1101 4418 initio
1116 4357 1282 4416 excitatum

246 4459 409 4531 Nicophanes
427 4462 538 4533 Onager.
573 4462 629 4515 Vnt.
649 4461 670 4513 I.
863 4496 873 4527 a
1060 4461 1079 4518 8
