3017 4742
426 300 661 373 memnon
678 250 922 373 'ennecone
942 304 1061 375 vua
1176 316 1295 366 xum

200 462 251 544 qui
266 459 354 523 Tomi
365 459 535 521 Palamitici
550 459 721 525 defensione
737 470 889 543 suscepte,
910 460 1129 523 Antirrbeticoa
1141 461 1294 526 Antirrbe-

196 548 269 609 ticia
282 546 443 629 opposuit,
465 566 500 606 ec
512 556 664 607 mortuum
676 546 839 626 Gregoram
857 546 986 608 refutare
1007 549 1213 610 Cantaeuzeno
1224 549 1294 613 bor·

198 644 283 696 tante
294 641 421 693 conatus
435 640 490 692 eat.

286 718 374 779 Anno
387 715 500 777 Christi
515 735 655 777 urceum.
678 736 748 778 vere
766 715 889 779 ineunte
905 717 1080 795 Matthaeus,
1094 719 1296 782 canucmesi

200 805 299 881 filius,
319 803 490 882 intemplo
518 800 743 876 blachemano,
771 801 920 863 Pbilotbei
941 802 1128 885 patriarchae
1149 824 1295 884 operase

201 890 387 966 ministerio,
409 895 571 949 coronatus
585 895 616 946 et
628 888 743 947 solenni
757 887 820 948 ritu
832 889 931 950 socius
944 889 1069 970 lmperii
1084 899 1239 969 cooptatus
1250 900 1296 949 est

204 985 324 1057 epatre
339 972 383 1058 ¹):
406 984 497 1053 atque
517 970 607 1032 buius
633 972 726 1033 missu
746 973 849 1055 paucis
870 983 940 1056 post
963 976 1066 1035 diebus
1081 975 1119 1034 ad
1133 975 1296 1053 Gregorem

201 1060 333 1135 recusit,
354 1058 489 1119 animum
505 1056 568 1117 eius
583 1056 681 1118 denuo
693 1067 874 1137 tentaturus,
894 1069 925 1119 et
934 1059 1133 1142 praemiorum
1146 1080 1199 1140 spe
1212 1058 1295 1119 oble-

200 1156 233 1207 tu
256 1163 415 1216 suasurus,
436 1152 472 1203 ut
490 1144 524 1202 in
539 1142 651 1219 arulam,
674 1145 925 1223 quemadmodum
937 1155 1042 1223 antea,
1059 1146 1197 1223 frequens
1210 1143 1294 1205 veni-

197 1240 256 1293 ret.
299 1230 435 1309 Cumque
454 1228 480 1287 is
501 1248 559 1287 nec
579 1226 838 1289 adhortationibus
859 1251 918 1291 nec
940 1230 1093 1312 promissis
1107 1228 1177 1290 ullis
1188 1228 1294 1292 flecte·

199 1326 308 1390 retur,
328 1314 430 1374 saltem
451 1312 511 1373 boc
531 1314 710 1395 persuadere
735 1324 859 1375 conatus
882 1325 945 1395 eat,
967 1317 1154 1398 publicarum
1170 1314 1294 1375 calenti-

202 1410 299 1461 tntum
326 1418 443 1459 causum
468 1418 531 1457 non
558 1400 764 1460 Cantecuzeno
793 1400 987 1482 Imperatori,
1015 1401 1067 1461 aed
1087 1399 1295 1460 Providentiae

201 1487 322 1547 divinae
357 1482 486 1545 decretis
514 1492 544 1543 et
568 1484 652 1543 fatali
678 1485 848 1545 necessitati
877 1486 1105 1548 attribuendam.
1148 1485 1295 1562 Gregoraa

201 1580 306 1633 coutm
333 1567 529 1631 validioribus
549 1570 729 1647 argumentis
754 1571 911 1652 probavit,
941 1589 1136 1653 quoacunque
1157 1568 1294 1629 homines

200 1659 352 1732 iacerent,
380 1675 413 1714 ee
433 1653 514 1734 ipsos
531 1674 593 1714 non
615 1654 716 1717 divina
730 1656 925 1736 praescientia
947 1666 997 1716 eut
1015 1657 1075 1716 feto
1085 1664 1221 1733 cogente,
1242 1652 1295 1711 sed

202 1743 341 1823 privatae
364 1739 528 1801 voluntatis
549 1737 643 1799 libero
669 1740 817 1799 instinctu
841 1741 947 1800 ductos
968 1742 1080 1815 iacere,
1111 1758 1146 1797 ae
1169 1738 1295 1818 proinde

209 1829 319 1888 nunna
334 1825 567 1885 Csnucuzeuum
579 1842 613 1881 ea
623 1824 741 1883 ratione
756 1825 911 1900 excusari,
934 1824 1016 1902 quod
1029 1820 1170 1901 quioquid
1186 1836 1296 1901 pecce-

210 1912 307 1987 visset,
326 1908 358 1968 id
370 1930 430 1969 non
446 1917 554 1989 sponte
565 1907 617 1968 sed
632 1908 694 1967 tato
708 1907 862 1985 subigente
875 1916 1036 1987 peccasset.
1066 1904 1295 1981 Atuatucam,

207 1997 258 2057 ubi
277 1996 362 2055 illum
379 1994 458 2055 vidit
478 1994 635 2053 immotum
655 2002 684 2051 et
704 1990 920 2053 inexorabilem
940 1993 973 2052 in
993 1990 1139 2053 sententio
1152 2000 1296 2069 peratore,

202 2103 238 2143 cc
250 2081 308 2141 sibi
322 2080 411 2160 pluro
425 2078 543 2139 dicturo
560 2077 742 2137 audientiam
757 2079 919 2157 denegare,
940 2076 1036 2137 tristia
1054 2076 1140 2136 obiit:
1160 2077 1295 2135 iactum-

202 2187 259 2247 que
270 2166 353 2241 inde,
373 2176 409 2225 ut
419 2164 549 2225 severius
559 2183 651 2243 quam
667 2171 751 2223 antee
769 2164 915 2241 Gregoraa
929 2162 1103 2237 custoditus,
1120 2160 1295 2240 grummo

199 2264 299 2313 terrae
323 2246 450 2332 matut)
473 2249 623 2309 concussis
645 2248 799 2327 aliquanto
815 2256 888 2329 poet
905 2246 1013 2309 domus
1030 2266 1101 2309 auae
1120 2245 1295 2327 perietibus,

200 2358 265 2399 non
284 2356 371 2397 aucus
389 2335 430 2394 sit
449 2336 528 2393 lorus
544 2334 625 2395 exire
640 2329 681 2419 ⁸).

285 2438 401 2499 Eodem
424 2456 503 2495 anno
521 2444 647 2495 exeunte
660 2431 691 2522 ⁴)
711 2434 839 2497 Ioannes
851 2436 1040 2515 Pslaeologus
1052 2433 1198 2515 llyrantio
1211 2432 1295 2514 poti-

200 2534 252 2587 tus
278 2532 339 2585 est:
361 2523 525 2601 Gregorio,
545 2529 665 2600 recepta
683 2520 823 2583 libertate
836 2530 865 2581 et
884 2520 1040 2582 custodum
1061 2530 1142 2579 metu
1161 2538 1295 2592 excusso,

203 2632 275 2670 cum
296 2610 330 2668 in
348 2606 446 2667 sulem
469 2626 500 2665 se
523 2604 712 2683 contulisset,
733 2606 771 2667 de
792 2626 941 2667 novorum
961 2606 1132 2683 dogmatum
1144 2605 1296 2684 impietate
1317 2618 1320 2622 ·

207 2695 289 2775 apud
303 2694 471 2773 Principem
483 2710 545 2751 nou
560 2692 633 2750 adeo
647 2712 775 2771 aequum
787 2689 816 2779 ⁶)
838 2691 987 2753 Palamitia
1000 2690 1124 2750 liberius
1140 2687 1297 2747 discernite

205 2780 342 2841 hortatus
372 2787 434 2854 eat,
455 2786 491 2835 ut
518 2776 689 2854 religionem
713 2778 854 2838 afflictam
875 2779 1013 2855 erigeret,
1045 2783 1241 2854 paratumque
1266 2789 1297 2829 se

205 2864 338 2925 ostendit
350 2863 390 2924 ed
405 2882 440 2923 ee
452 2860 631 2938 refellenda,
651 2882 726 2941 quae
741 2864 963 2924 (lentecuzenus
978 2869 1007 2919 et
1022 2860 1169 2932 Palamaa,
1191 2856 1295 2915 decre-

203 2952 244 3011 tis
255 2952 316 3010 auis
329 2970 385 3029 per
399 2948 461 3009 vim
476 2946 659 3007 confirmetis
667 2991 676 3024 ,
696 2948 800 3029 inique
819 2958 848 3007 et
861 2945 989 3007 absurda
1000 2943 1215 3005 definiviaeent.
1260 2939 1299 2998 lt

200 3034 370 3117 'loasapbua
400 3034 448 3109 (id
472 3033 696 3109 Cantaeuzeuo,
724 3033 920 3094 monasticam
946 3030 1136 3111 disciplinam
1155 3027 1299 3109 professo,

205 3142 314 3182 nomeu
337 3122 418 3197 eret)
439 3117 492 3176 ubi
507 3116 581 3177 baec
594 3118 700 3197 egiteri
714 3118 848 3195 rescivit,
868 3118 1026 3192 Palamam,
1048 3114 1175 3194 quitum
1188 3132 1206 3170 a
1222 3110 1299 3169 Tur·

206 3207 252 3267 cia
266 3206 404 3287 captivus
417 3204 571 3263 tenebatur
579 3247 588 3280 ,
610 3203 716 3281 grandi
736 3202 864 3285 pecunia
874 3202 974 3261 statim
988 3200 1096 3260 redimi
1109 3197 1241 3272 curavit,
1264 3194 1309 3254 ut*

205 3293 232 3352 is
257 3310 474 3353 oeusumsuem
495 3308 550 3369 per
569 3287 679 3368 seipse
695 3309 832 3369 praesens
853 3296 967 3366 ageret:
988 3295 1053 3345 tum
1067 3284 1146 3344 iilius
1159 3278 1299 3354 Helenae,

205 3378 312 3437 loanni
331 3374 505 3453 Palaeologo
523 3374 700 3453 Imperatori
720 3384 847 3454 nuptae,
875 3370 1082 3432 auctoritatem
1105 3366 1296 3448 interposuit,

207 3482 246 3522 ue
259 3460 412 3523 {iudicium
436 3460 683 3535 constitueretur,
706 3460 790 3540 quod
810 3458 868 3519 sibi
881 3460 1016 3517 futtuum
1031 3464 1105 3515 esset
1118 3451 1300 3533 ignominie-

210 3568 284 3607 sum.
324 3548 372 3606 lta
391 3545 538 3624 Gregorae
560 3544 693 3603 studium
707 3564 796 3605 omne
814 3545 848 3603 in
863 3563 1002 3625 praesens
1015 3540 1134 3601 irritum
1147 3540 1215 3599 luit.

294 3646 380 3706 Anno
394 3646 530 3726 proxime
544 3645 703 3724 insequuto
720 3647 876 3728 episcopua
888 3645 1024 3721 belinus,
1045 3639 1215 3716 Palaeologi
1228 3632 1300 3693 eml-

211 3751 281 3804 cus,
306 3731 483 3811 Byzantium
512 3730 626 3810 legatus
647 3732 778 3793 advenit.
826 3732 899 3792 Eius
921 3750 1030 3791 nomen
1053 3730 1121 3789 silet
1145 3727 1301 3799 Gregoras,

209 3817 376 3878 doctrinam
391 3826 492 3877 eutem
507 3816 703 3894 commendat,
724 3828 763 3878 ut
779 3816 907 3877 hominia
921 3817 953 3875 in
965 3832 1114 3887 sacrorum
1132 3805 1302 3885 Scriptura-

208 3923 280 3965 rum
290 3904 534 3963 commentatione
546 3901 666 3979 versati,
679 3904 974 3965 etexercitationibua
987 3895 1164 3975 theologicis
1173 3893 1206 3952 in
1219 3888 1306 3951 sebo·

244 4104 276 4175 1)
292 4105 362 4159 nist
379 4105 448 4177 Byr.
463 4110 508 4164 lib.
526 4124 622 4163 xxvm.
690 4106 722 4177 2)
737 4106 804 4161 lium
818 4108 905 4159 terrae
922 4107 1017 4157 motum
1032 4096 1150 4150 Villuuua
1165 4094 1265 4149 confert
1278 4091 1305 4183 ip

276 4191 370 4229 moun
383 4174 460 4233 1³54.
479 4180 587 4233 Kalmd.
602 4176 699 4233 Martii.
758 4178 791 4245 3)
807 4169 1003 4228 mastauron
1019 4184 1051 4221 ca
1070 4205 1076 4218 .
1089 4166 1134 4219 ult
1185 4166 1217 4231 4)
1233 4164 1305 4215 bb.

278 4260 407 4298 locem.
425 4255 544 4303 actuum
558 4252 675 4303 exeunte
745 4247 779 4317 5)
794 4246 849 4303 Cur
865 4237 999 4298 Pduuibe
1014 4184 1129 4292 nimau
1145 4233 1242 4298 luerit,
1259 4228 1306 4283 do-

280 4320 323 4368 cet
338 4314 473 4386 Gregoma
487 4316 557 4375 Hist.
574 4318 619 4373 lib.
636 4330 723 4370 nvn.
