3017 4742
132 344 135 362 .
231 311 363 361 mvns
463 294 696 368 NICEPHORI
716 263 957 367 GREGORAE'
977 296 1096 368 VITA.

231 460 271 522 iis
288 457 459 519 Latinorum
477 454 598 519 eruditi.
639 454 714 517 Erat
732 454 761 515 is
776 455 885 539 procul
902 454 994 517 dnbio
1007 455 1115 517 Paulus
1129 451 1157 537 ¹)
1177 452 1326 537 archiepi-

231 565 343 627 scopus
363 543 566 624 smyrnensis,
596 561 684 621 quem
711 550 840 614 exeunte
861 562 940 603 anno
961 562 1090 603 arccmv.
1103 540 1283 621 obsequium
1296 552 1327 602 et

232 630 360 691 debitam
374 630 523 688 Romanas
545 627 609 689 aedi
623 627 820 689 reverentiam
840 628 981 692 aloanne
995 628 1170 706 Palaeoiogo
1187 627 1327 708 impera-

231 724 298 777 tore
322 723 444 796 pactam
466 713 574 791 fuisse,
602 711 745 774 discimus
762 733 801 773 ex
819 712 987 787 Annalibus
997 712 1217 774 ecciesiasticis.
1267 712 1326 771 iiic

232 820 302 861 cum
319 798 355 858 de
375 797 515 859 ecclesiae
532 800 662 860 Graecae
675 798 868 879 opinionibus
880 798 969 860 novis
985 798 1079 859 muita
1091 797 1268 873 audivisset,
1289 798 1326 857 ab
1410 826 1414 831 ·

230 884 413 966 imperatore
434 884 615 965 postulavit,
634 892 670 944 nt
689 882 747 943 sibi
769 904 840 945 cum
859 886 996 961 Paiania,
1024 904 1128 944 aarum
1149 882 1327 963 opinionum

231 980 368 1048 auctore,
392 969 532 1049 congredi
551 988 651 1041 coram
670 969 791 1031 liceret:
811 990 884 1030 mox
902 979 1020 1047 antem,
1041 971 1121 1031 facta
1135 967 1328 1048 colloquendi

231 1055 334 1136 copia,
354 1056 409 1115 ubi
420 1076 486 1116 eum
503 1054 614 1138 reipsa
630 1054 734 1114 multis
748 1056 921 1135 magnisque
935 1056 1086 1115 erroribus
1097 1055 1249 1114 imbutum
1262 1072 1328 1114 esse

232 1142 393 1221 comperit,
422 1140 519 1225 ipsum
545 1160 664 1222 quoque
684 1140 847 1219 Gregoram
873 1160 943 1200 cnm
962 1161 997 1201 eo
1018 1141 1222 1221 disputantem
1246 1138 1328 1200 velie

230 1245 262 1285 se
278 1224 384 1286 audire
401 1226 579 1305 significavit
592 1220 632 1325 ²).
660 1225 766 1307 itaque
779 1225 943 1307 Gregoras,
962 1244 1018 1308 per
1028 1245 1169 1305 magnum
1176 1222 1328 1302 logothe-

233 1316 297 1370 tam
311 1310 348 1369 ab
360 1311 541 1392 Imperatore
551 1320 674 1388 acutus,
693 1311 728 1370 in
742 1312 840 1372 aniam
854 1312 948 1389 venit,
968 1311 1089 1391 ignarus
1103 1330 1191 1390 quam
1206 1310 1244 1369 ob
1260 1328 1327 1369 can·

231 1414 294 1455 sam
312 1406 483 1457 vocaretur.
523 1396 598 1457 Nam
608 1396 695 1456 iilum
714 1396 828 1457 Helena
840 1397 990 1477 Augusta,
1011 1397 1142 1478 parentis
1155 1396 1202 1456 sui
1217 1396 1329 1454 Canta-

229 1481 336 1541 cuasni
358 1483 462 1541 amicis
477 1483 594 1561 favens,
616 1484 802 1563 praemoneri
817 1492 970 1559 vetuerat,
990 1502 1030 1541 ne
1043 1481 1275 1562 praemeditatus
1287 1479 1328 1538 ad

229 1564 443 1647 disputandum
464 1568 624 1629 accederet
667 1566 727 1627 vix
746 1566 893 1648 palatium
911 1568 1044 1647 ingresso
1062 1568 1240 1642 nunciatur,
1263 1565 1328 1625 Pa·-

227 1647 337 1711 lamam
356 1652 422 1711 illic
436 1652 546 1713 adesse.
587 1654 632 1714 Eo
649 1652 762 1713 nuncio
784 1653 912 1735 primum
926 1654 1081 1733 perculsus
1095 1652 1205 1730 bresit,
1227 1660 1257 1710 et
1269 1670 1328 1731 pa-

228 1754 298 1795 rum
320 1735 434 1816 abfuit,
455 1738 530 1816 quin
546 1738 651 1817 pedem
673 1737 775 1796 statim
795 1739 930 1801 referret.
973 1738 1087 1796 Deinde
1107 1737 1208 1795 animo
1233 1734 1329 1796 obiiss-

228 1828 327 1895 mato,
350 1830 380 1879 et
401 1840 418 1879 e
437 1829 551 1880 renata
568 1822 726 1881 consilium
740 1822 870 1901 capiens,
890 1820 1018 1880 ulterius
1031 1820 1174 1901 perrexit.
1216 1819 1329 1880 iidem

227 1910 293 1963 tum
303 1904 384 1984 apud
392 1906 596 1983 Palaeolognm
606 1924 747 1985 generum
760 1926 849 1965 suum
857 1905 1097 1985 ireneiugasta:
1110 1905 1328 1966 aderantauiae

228 1986 383 2067 primores.
427 1990 582 2068 Gregoras,
607 1991 736 2049 salutato
748 1990 941 2069 imperatore,
965 1990 1118 2069 consedit;
1133 1999 1224 2070 atque
1239 1999 1274 2050 ut
1287 2008 1327 2051 ns

228 2070 263 2131 in
284 2072 448 2152 praeludiis
468 2075 658 2135 recensendis
679 2073 794 2133 diutius
812 2074 1020 2150 immoremur,
1040 2075 1195 2159 proposita
1217 2075 1254 2135 ab
1268 2075 1328 2135 ad·

226 2157 361 2217 versario
382 2158 554 2236 quaestione
568 2158 605 2220 da
628 2158 796 2219 substantia
809 2168 839 2218 et
863 2160 1086 2239 operationibus
1103 2160 1230 2238 dimnis,
1252 2160 1328 2221 baec

226 2240 260 2300 in
275 2242 337 2302 Deo
350 2240 428 2303 nihil
441 2242 561 2303 differre
574 2244 675 2303 multis
690 2242 856 2303 ratiombns
871 2244 1021 2325 probavit.
1050 2247 1224 2329 Imperator,
1244 2256 1329 2305 utra·

227 2345 286 2405 que
300 2336 385 2407 parte
401 2327 520 2404 andita,
540 2328 603 2389 sive
625 2328 771 2389 incertior
786 2338 862 2389 esset
877 2349 965 2408 quam
979 2328 1118 2408 antebac,
1140 2333 1203 2392 sive
1216 2333 1329 2391 Canta-

226 2430 374 2471 cnaenum
390 2432 527 2473 socerum
540 2433 628 2474 suum
641 2412 781 2476 damnato
796 2415 916 2473 Priame
932 2416 1028 2484 nollet
1041 2418 1235 2494 contristare,
1255 2437 1329 2477 sen-

225 2495 350 2555 tentiam
376 2497 455 2558 ferre
475 2498 585 2565 noluit,
625 2496 668 2559 At
686 2500 837 2574 Palamas,
863 2499 985 2579 benigni
1005 2502 1155 2584 Principis
1174 2502 1328 2565 silentium

225 2590 321 2660 prout
342 2581 433 2643 libuit
454 2582 684 2665 interpretatus,
704 2584 853 2665 postridie
873 2605 929 2666 per
942 2595 1038 2648 totam
1052 2592 1158 2650 urbem
1171 2588 1325 2664 dbcnnit,

225 2673 256 2725 et
279 2686 349 2726 suae
368 2662 420 2749 (ut
433 2666 542 2751 aiebat)
560 2669 705 2731 victoriae
723 2671 833 2732 famam
847 2671 958 2752 ubique
983 2674 1195 2734 disseminavit.
1236 2674 1280 2733 Ea
1292 2693 1328 2734 re

224 2748 438 2831 imperatorem
462 2753 550 2815 valde
572 2755 716 2831 offendit,
740 2757 856 2817 auiicos
879 2776 969 2835 vero,
993 2759 1047 2839 qui
1065 2758 1204 2821 hesterno
1227 2758 1327 2819 eoiio-

225 2836 297 2914 quio
319 2846 489 2918 praesentes
517 2841 732 2918 interfuerant,
754 2842 798 2901 sic
813 2840 961 2919 irritavit,
983 2854 1020 2904 nt
1039 2864 1079 2905 ex
1091 2846 1165 2905 urbe
1178 2846 1212 2904 in
1224 2844 1330 2904 aulam

223 2940 363 2982 reversus
384 2924 461 2983 mals
486 2932 516 2984 et
536 2925 655 2986 sinistre
670 2926 706 2986 ab
721 2927 759 2985 iis
775 2937 919 3009 exceptus
934 2927 983 2988 sii.
1024 2931 1060 2989 in
1073 2951 1107 2990 ea
1123 2928 1327 3009 disputatione

224 3005 299 3085 quid
319 3016 434 3085 actum,
456 3008 565 3088 quidve
586 3032 603 3071 a
622 3021 721 3071 aeaut
736 3011 774 3071 ab
803 3012 973 3073 adversario
988 3012 1103 3075 dictum
1117 3015 1222 3089 fuerit,
1246 3014 1325 3075 Gre-

222 3109 311 3169 goras
330 3091 447 3155 duobus
468 3093 506 3154 ds
521 3115 555 3156 ea
571 3111 604 3157 rs
618 3096 743 3178 scriptis
760 3096 884 3175 dialogis
898 3098 964 3157 fuse
978 3100 1105 3179 tradidit
1119 3098 1159 3181 ⁸).
1202 3100 1246 3162 ils
1258 3100 1326 3159 La-

221 3174 289 3235 tino
312 3175 470 3258 episcopo,
491 3180 575 3241 cnius
595 3182 690 3261 paris
717 3182 903 3263 disputatum
922 3194 1001 3261 erat,
1023 3186 1123 3246 dicere
1145 3185 1257 3247 obiitus
1279 3194 1326 3247 est

223 3259 374 3340 quodnam
399 3262 525 3325 deicis
543 3266 596 3325 iila
614 3268 836 3328 concertatione
848 3267 993 3329 iudicium
1008 3270 1071 3331 eiua
1087 3272 1232 3333 extiterit.

256 3376 263 3388 ·
308 3347 465 3408 Caeterum
483 3351 708 3413 Cantacuaenus
728 3374 769 3413 ex
781 3354 962 3433 hperatore
974 3356 1154 3433 monachus,
1177 3376 1246 3417 curn
1263 3374 1324 3415 no-

220 3449 276 3491 vos
292 3430 425 3512 dialogos
438 3433 559 3515 publice
571 3436 701 3499 lectitari
717 3448 747 3497 et
760 3438 892 3498 omnium
904 3440 1041 3502 manibus
1054 3443 1115 3503 teri
1127 3441 1253 3518 videret,
1268 3460 1325 3501 sna

220 3514 363 3578 interesse
376 3520 513 3600 credidit,
540 3530 575 3582 nt
588 3542 679 3603 quam
690 3524 823 3605 primum
838 3524 1048 3589 refellerentur
1061 3523 1103 3627 ⁴).
1145 3526 1253 3587 Statim
1263 3526 1325 3585 ita·

220 3621 294 3681 qne,
316 3622 351 3663 eo
371 3614 513 3683 urgente,
535 3607 611 3667 varii
631 3606 728 3670 libelii
748 3608 933 3671 aPalamitis
953 3613 1112 3694 compositi
1131 3612 1323 3695 prodierunt.

220 3686 314 3747 Extat
336 3707 421 3748 nunc
444 3711 563 3770 quoque
577 3692 611 3752 in
635 3693 702 3757 cod.
722 3716 777 3755 ms.
790 3694 933 3759 Biblioth.
956 3697 1119 3779 ilsgiaei),
1139 3699 1219 3759 inter
1232 3717 1324 3779 opera

219 3770 285 3835 Nic.
296 3772 462 3851 Gabasiiae,
485 3778 656 3858 Satyricum
674 3782 855 3861 opusculum
867 3780 928 3842 hoc
949 3785 1053 3845 titulo:
1074 3779 1150 3849 mai
1165 3788 1228 3848 reis
1240 3788 1323 3865 Γρη·

219 3861 297 3941 popei
316 3858 512 3943 ληρημᾰτων,
534 3866 569 3923 in
583 3866 737 3947 Gregorae
750 3864 959 3933 delirasnenta.
986 3871 1078 3931 Extat
1090 3869 1124 3930 in
1136 3868 1197 3929 aiio
1212 3868 1280 3931 cod.
1293 3866 1322 3948 ⁶)

254 4021 285 4092 i)
308 4024 360 4078 iiic
383 4028 478 4083 Paulus
500 4037 591 4101 postea
619 4032 919 4104 contantinopolitanus
942 4036 1089 4107 patriarcba
1118 4036 1236 4091 struat·
1262 4036 1321 4089 fnit

285 4092 350 4179 llius
368 4114 424 4151 cnm
438 4100 532 4155 ioanne
549 4101 730 4155 Cantacnreno
748 4102 890 4173 disputatio
906 4107 1079 4177 manuscripta
1096 4112 1169 4161 extat
1186 4106 1214 4160 in
1230 4106 1321 4160 codice

285 4178 359 4231 regio
374 4167 450 4224 1999.
523 4168 557 4239 2)
581 4170 652 4224 liist
665 4172 731 4295 ⁸3²⁶
749 4171 793 4226 iib.
813 4189 887 4225 xxnn
906 4192 962 4249 cap.
976 4178 1022 4231 nit.
1072 4177 1106 4246 3)
1118 4176 1187 4228 ilisa
1200 4177 1265 4245 iiyn.
1274 4176 1321 4229 iib.

286 4240 504 4369 31&le
530 4237 661 4363 f4)il'1st.
703 4258 746 4311 yn.
764 4242 809 4300 iib.
826 4259 912 4297 aran.
969 4249 1002 4318 5)
1020 4246 1187 4305 Nummi
1202 4245 1319 4302 talasa

410 4339 418 4357 .
506 4326 576 4362 .o.
594 4306 638 4367 41.
