3017 4742
520 1027 920 1109 10.so1v1N1

370 1213 1072 1310 PRAEFATIO.

617 1482 827 1498 Μ

171 1646 299 1758 Annus
313 1696 367 1757 bio
378 1697 512 1759 decimus
526 1709 648 1781 quartus
665 1710 722 1780 est,
744 1722 783 1763 ex
798 1722 857 1783 quo
872 1701 996 1762 Carolus
1009 1698 1191 1777 Ducangius,
1211 1697 1268 1759 Vir

176 1801 334 1861 delitteris
348 1803 499 1879 praeclare
512 1806 646 1880 meritus,
667 1804 743 1863 mibi
755 1814 862 1863 auctor
877 1803 945 1878 tuit,
967 1811 1004 1861 ut
1014 1801 1178 1879 Nicephori
1192 1801 1271 1859 Gre-

178 1922 267 1981 gorae
284 1902 373 1961 h'broe
388 1922 442 1963 sex
456 1903 636 1982 historicos,
657 1906 710 1983 qui
724 1905 758 1963 iu
770 1902 955 1963 Bibliotheca
967 1902 1056 1979 Regia
1070 1899 1270 1979 manuscripti

175 2014 318 2080 extarent,
327 2005 431 2065 Latine
442 2015 590 2067 verterem
597 2028 606 2082 5
625 2014 658 2065 ut
667 2013 826 2085 postquam
835 2003 970 2063 absolute
986 2011 1062 2063 esset
1074 2002 1167 2062 editio
1177 2000 1270 2061 Chro-

171 2106 234 2165 niei
249 2104 413 2183 Parabalis,
437 2108 486 2167 cui
497 2109 549 2169 ille
562 2128 684 2169 manum
699 2118 861 2167 extremam
875 2106 1062 2187 imponebat,
1082 2104 1106 2163 ii
1118 2123 1172 2165 sex
1185 2103 1269 2178 libri,

171 2207 210 2267 ad
228 2228 277 2268 eos
294 2229 370 2287 quos
389 2210 512 2271 Wollius
525 2210 706 2288 vulgavisset
720 2210 864 2282 adiuncti,
885 2207 983 2285 llegiis
995 2206 1077 2287 typis
1092 2207 1269 2267 mandaren-

171 2318 229 2369 tur.
270 2311 360 2370 Eram
378 2321 444 2371 turn
460 2332 512 2391 ego
528 2312 701 2390 colligendis
717 2310 832 2371 Libanii
845 2309 987 2391 Epistolis
999 2309 1148 2385 intentum
1171 2318 1202 2369 et
1214 2310 1269 2369 La·

170 2412 248 2473 tinas
272 2413 332 2473 iam
352 2434 369 2473 e
387 2414 510 2475 Graecis
530 2416 658 2474 feceram
679 2434 741 2475 non
755 2434 874 2493 paucas.
918 2411 1003 2471 Senis
1013 2412 1178 2473 doctissimi
1192 2434 1269 2475 con-

173 2514 241 2574 silio
260 2513 400 2575 invenem
421 2536 469 2575 ms
483 2525 513 2575 et
527 2517 677 2577 novitium
699 2536 804 2597 parere
818 2534 945 2593 aequum
958 2514 1027 2573 luit.
1069 2515 1198 2575 Tametsi
1210 2516 1271 2594 ipi-

173 2626 227 2677 tur
245 2617 475 2678 amoenitatibus
496 2627 526 2677 et
540 2619 693 2699 elegantiis
712 2617 882 2677 libanianis
893 2616 968 2677 mire
982 2616 1168 2693 delectabar,
1190 2616 1272 2676 stab

176 2720 215 2779 iia
238 2740 323 2798 aegre
344 2720 549 2798 discedebam,
568 2732 669 2783 tamen
687 2721 732 2781 illi
745 2740 813 2782 sum
828 2720 1025 2798 obsequntem
1047 2719 1140 2798 idque
1154 2738 1189 2779 eo
1204 2740 1275 2779 ma-

176 2822 272 2899 xime,
295 2822 375 2901 quod
394 2822 433 2883 ad
451 2822 549 2902 ipsius
562 2824 784 2892 adhortationes
796 2824 955 2884 accedebat
969 2822 1110 2882 voluntas
1127 2820 1274 2879 illustris-

175 2925 246 2985 simi
258 2924 382 2984 abbatis
400 2926 535 2986 cenum
554 2928 713 3004 Tsauasrr,
737 2927 847 2987 eximia
860 2925 962 2986 indole
975 2922 1155 3004 praestantia
1170 2936 1201 2981 et
1219 2941 1274 2981 su·

178 3049 234 3109 pro
254 3036 379 3089 estatem
402 3026 486 3087 docti
503 3028 715 3107 adolescentie,
738 3029 787 3089 cui
799 3037 888 3089 meet
900 3047 966 3087 mea
979 3028 1079 3087 omnia
1093 3024 1194 3086 studia
1213 3045 1274 3084 vo-

177 3151 296 3207 veram,
315 3130 518 3191 Bibliothecae
530 3132 637 3211 Regiae
648 3132 821 3207 Praefecto,
841 3140 933 3209 atque
950 3150 986 3191 eo
998 3148 1121 3189 munere
1134 3128 1195 3187 iem
1208 3136 1276 3188 tum

177 3254 240 3295 sese
251 3233 379 3312 dignum
395 3234 544 3321 probanti.
584 3235 643 3295 llio
663 3232 1031 3314 utlaboremimpoeilum
1045 3229 1274 3293 alacrioreaui-
1377 3228 1385 3243 ”

63 3378 67 3391 »
177 3358 227 3399 mo
241 3335 439 3417 susciperem,
459 3337 550 3397 etiam
561 3339 672 3412 Patris,
691 3336 759 3401 viri
773 3334 893 3411 summi,
913 3334 1123 3394 auctoritatem
1136 3334 1275 3414 interpo-

176 3438 253 3516 suit,
280 3456 346 3499 non
371 3438 444 3499 belli
471 3441 569 3500 solum
589 3439 643 3499 sed
669 3446 699 3499 et
723 3439 916 3498 scientiarum
936 3436 1140 3518 bonarumque
1162 3436 1274 3502 artium

182 3562 285 3603 curam
309 3540 637 3623 demandatemaliege
651 3550 727 3605 tunc
742 3540 928 3603 sustinentis.
1356 3523 1359 3530 ¹

261 3642 316 3704 llis
339 3643 482 3723 auspiciis
503 3644 542 3703 ad
567 3644 661 3709 libros
680 3645 829 3725 Gregorae
852 3640 1097 3723 interpretandos
1121 3659 1276 3722 aggressus

179 3747 260 3805 laeta
280 3755 311 3806 et
330 3746 431 3807 fausta
454 3747 553 3807 omnia
571 3747 646 3807 mibi
662 3747 862 3829 spondebam:
882 3744 937 3805 aad
956 3764 1005 3805 res
1022 3743 1090 3825 ipsa
1104 3743 1278 3825 opinionem

179 3866 277 3907 meam
294 3848 425 3909 multum
444 3848 562 3912 fefellit.
581 3900 583 3908 ,
603 3849 721 3911 Etenim
736 3847 843 3931 paucis
859 3856 931 3929 post
944 3844 1047 3909 diebus
1066 3847 1144 3909 obiit
1158 3846 1203 3923 is,
1224 3846 1278 3925 qui
1332 3916 1335 3923 Ι

179 3948 256 4010 mibi
281 3968 394 4011 nomm
424 3950 484 4013 iter
509 3952 645 4032 ingresw
663 3953 781 4033 praeire
799 3971 836 4012 ac
852 3948 1026 4032 praelucere
1046 3959 1129 4010 u'nus
1146 3948 1280 4023 maxime

180 4052 315 4113 omnium
334 4059 469 4133 poterat,
493 4053 625 4133 optimus
640 4062 671 4115 et
685 4052 902 4117 eruditissimus
913 4052 1095 4131 Ducangiue.
1135 4050 1202 4114 Hae
1214 4052 1280 4130 By-

182 4156 318 4215 santinas
338 4154 481 4218 biatoriau
503 4155 569 4219 sace
589 4156 741 4235 extincta,
760 4156 909 4221 virenon
923 4155 996 4216 satie
1019 4174 1130 4232 marus
1147 4153 1282 4214 laborem

185 4276 219 4317 ac
237 4256 423 4339 diligentiam
443 4258 576 4322 subsidio
596 4256 671 4323 mibi
689 4258 879 4343 compararis
898 4266 930 4321 et
941 4276 1045 4321 sorum
1056 4275 1110 4323 aex
1123 4256 1280 4333 librorum
