3017 4742
464 1126 991 1227 PRAEMONITUM

616 1424 829 1449 W

180 1610 377 1751 Nicephori
400 1658 566 1747 Gregorae
583 1660 763 1729 Historiam
776 1662 1010 1754 Byzantium,
1031 1667 1114 1751 sivo,
1135 1674 1177 1735 ut
1199 1667 1269 1757 ipae

183 1801 276 1844 more
300 1802 410 1866 graeco
433 1779 527 1861 dicit,
554 1780 759 1863 Romanum,
786 1786 917 1871 primus
941 1786 977 1849 in
995 1784 1105 1850 lucem
1126 1785 1271 1875 protulit

187 1894 570 1985 Hieronymus'Wolfius
588 1896 1087 1986 Bmilmeann01562.,graeoe
1106 1912 1140 1966 et
1157 1886 1270 1983 latine,

181 2014 345 2080 nonnullis
361 2015 627 2081 annotationibus
637 2016 677 2083 de
691 2018 805 2083 critico
818 2018 1030 2108 potissimum
1043 2038 1160 2107 genere
1171 2019 1271 2087 addi-

178 2135 228 2201 tis.
269 2134 365 2216 Quas
391 2133 491 2199 editio
519 2155 598 2200 oum
619 2154 663 2201 ex
683 2132 846 2201 codicibus
869 2136 968 2204 ducta
998 2150 1081 2204 esset
1103 2160 1269 2228 perquam
1322 2122 1327 2127 ’

176 2253 340 2319 ιιιιάοιίι
367 2264 401 2319 et
428 2252 487 2340 qui
507 2252 662 2319 undecim
689 2264 821 2319 tantum
842 2253 946 2321 libros
971 2254 1123 2345 priores,
1151 2257 1268 2341 idest,

174 2370 289 2463 paullo
303 2372 416 2439 minus
437 2392 537 2459 quam
553 2383 705 2459 quartam
723 2374 828 2439 totius
845 2374 955 2464 operis
972 2384 1103 2464 portem
1117 2375 1269 2463 comple-

174 2501 343 2559 uterentur
350 2535 362 2571 ,
390 2490 505 2557 occidit
534 2502 749 2581 opportune,
775 2504 818 2559 ut
837 2490 975 2560 loannes
995 2492 1150 2561 Boivinns
1172 2494 1268 2561 initio

174 2608 295 2677 saeculi
312 2608 484 2699 proximi,
503 2630 625 2697 magno
642 2611 814 2700 Ducangio
835 2622 986 2695 auctore,
1006 2610 1106 2679 huius
1124 2614 1268 2703 scripto·

174 2729 222 2797 ris
235 2728 344 2795 denuo
361 2725 516 2815 vulgandi
531 2739 628 2816 atquc
642 2729 684 2795 ad
697 2729 916 2818 integritatem
930 2732 1071 2823 propius
1086 2730 1269 2798 adducendi

175 2868 291 2915 curam
309 2846 502 2936 susciperet.
541 2845 624 2915 Erat
645 2858 760 2915 autem
778 2848 829 2921 Io.
844 2848 1005 2916 Boivinus
1019 2852 1072 2917 vir
1089 2848 1269 2938 praestanti

175 2964 341 3048 doctrine,
363 2976 398 3033 et
417 2965 544 3053 egregia
563 2964 747 3052 librorum,
773 2969 923 3036 monime
940 2968 1184 3047 Parisinorum‚
1213 2990 1270 3034 co·

174 3086 233 3175 pis
248 3086 444 3151 instructum
466 3104 614 3178 quorum
634 3106 700 3173 ope
720 3107 791 3151 non
812 3085 926 3154 solum
944 3110 999 3170 eu,
1020 3109 1106 3176 quas
1119 3085 1269 3153 Wolfius

174 3203 294 3271 mutila
308 3216 341 3270 et
356 3203 512 3271 lacunosa
527 3202 642 3283 habet,
661 3225 747 3292 quae
760 3226 838 3271 sone
855 3204 1029 3273 innumera
1043 3217 1139 3283 suut,
1160 3203 1268 3271 fclici-

162 3335 227 3391 .tor
247 3322 420 3415 supplevit
440 3334 474 3391 et
495 3322 556 3391 olla
571 3322 661 3391 haud
679 3345 784 3413 panca
799 3323 1014 3391 librariorum
1033 3325 1110 3391 vitia
1124 3322 1267 3406 sustulit,

174 3463 294 3511 verum
312 3442 415 3509 otiam
435 3442 538 3511 altero
558 3453 652 3510 tanto
674 3445 801 3511 maiore
820 3444 993 3514 librorum
1008 3464 1151 3510 numero
1169 3443 1269 3510 Nice-

173 3560 278 3649 phori
292 3582 381 3652 opus
395 3560 618 3652 locupletavit.
654 3560 781 3629 Prodiit
793 3563 863 3629 eius
876 3563 975 3630 editio
989 3562 1117 3629 Parisiis
1129 3584 1148 3630 e
1162 3573 1270 3650 typo·

173 3678 313 3769 graphia
327 3681 415 3769 regia
432 3704 519 3748 anno
536 3688 643 3763 1702,
662 3682 764 3747 tomis
778 3680 924 3766 duobus,
944 3703 1093 3771 quorum
1108 3681 1206 3772 prior
1223 3677 1269 3744 li·
1402 3728 1413 3745 .

173 3798 255 3864 bros
270 3800 423 3866 undecim
436 3825 455 3868 u
467 3790 598 3867 Wolfio
610 3798 761 3889 vulgatos
774 3800 933 3883 continet,
954 3800 1037 3866 alter
1047 3800 1187 3867 ineditos
1199 3806 1269 3865 tre·

173 3918 299 3999 decim,
320 3941 404 4007 quos
419 3920 489 4011 ipse
501 3944 518 3987 e
530 3920 624 3987 MSS.
637 3920 731 3989 eruit.
767 3920 860 3987 Idem
873 3918 1041 4010 pollicitus
1055 3928 1114 4000 cst,
1134 3938 1170 3982 se
1183 3938 1267 4005 qua·

35 4106 40 4119 ‚
171 4038 360 4105 tuordscim
384 4038 531 4128 reliquos
558 4038 661 4105 libros
692 4059 760 4105 una
782 4060 862 4105 oum
884 4039 1064 4104 Variorum
1088 4034 1267 4125 opusculis,

175 4176 259 4245 quac
275 4156 320 4224 sd
335 4157 510 4261 historiam
526 4180 599 4225 cam
613 4156 846 4225 illustrandam
864 4156 1028 4237 facerent,
1048 4156 1179 4223 duobus
1197 4151 1268 4220 aliis

174 4275 275 4342 tomis
288 4278 568 4371 comprehensos,
588 4278 768 4347 editumm.
809 4276 875 4347 scd
887 4276 1094 4369 promissum
1114 4295 1184 4341 uon
1204 4292 1270 4361 ap·
