3017 4742
233 338 321 387 mu
525 320 581 389 10.
610 316 775 390 BOIVINI
805 313 1064 385 PRAEFATIO.

234 486 282 545 lae
306 490 337 543 et
358 476 516 543 relauono
539 479 678 555 selectae,
699 496 738 538 ex
757 476 862 537 codiee
884 472 1044 553 singulari,
1064 488 1154 551 quem
1169 469 1333 531 Bibliothe-

237 607 287 648 aaa
300 583 406 663 Regiae
420 601 488 642 oum
509 580 573 641 aliia
602 580 706 641 malfia
720 599 820 661 nuper
842 577 969 639 donavit
985 577 1017 637 (2.
1038 574 1139 636 Maon.
1156 572 1332 645 Tmannma,

235 686 476 767 archiepiscopus
490 685 560 743 Dux
574 682 757 743 Rhomenaia.

314 788 351 850 V.
372 787 520 850 manualia
544 787 646 848 Philae
664 792 771 866 poema
794 782 975 844 historicum
994 780 1032 841 de
1052 776 1208 841 Michaelis
1222 774 1334 835 Glabae

235 898 322 960 rebua
334 894 439 975 gestia,
461 913 500 953 ax
523 891 581 951 aiio
599 888 664 949 cod.
680 887 770 965 Regio
787 884 873 967 (olim
892 882 1072 965 Telleriano)
1088 883 1282 963 deaoaiptum.

318 1000 370 1061 VI.
391 998 500 1058 Tamus
520 990 744 1075 pseudosynodi
758 987 964 1068 Palamitioae,
985 989 1083 1049 aditae
1106 1006 1124 1044 a
1143 984 1348 1047 Combeiiaiof

320 1101 388 1163 vll.
410 1100 560 1177 Excerpta
577 1092 754 1174 exscriptis
773 1092 938 1174 Nicephori
958 1087 1163 1170 Blemmydae‚
1196 1087 1336 1166 Gregorii

238 1200 357 1284 Cyprii,
379 1199 527 1261 Theoduli
541 1196 693 1269 libatoria,
716 1196 877 1278 Nicephori
894 1192 1040 1271 (mamni,
1061 1190 1217 1268 Barlaami,
1239 1190 1336 1251 Acin·

237 1304 329 1385 dyni,
345 1304 495 1379 Palamae,
515 1300 632 1361 Nicolai
650 1299 816 1375 Gabaoilm,
837 1298 987 1360 Philothei
1001 1295 1203 1379 patiiarohae,
1225 1296 1337 1359 Medici

182 1405 193 1433 '
237 1407 412 1483 aaronitae,
441 1403 655 1481 Cantacuzeni,
682 1402 825 1463 Demetrii
844 1401 987 1482 Cydonii‚
1010 1401 1103 1482 ipaiua
1124 1399 1284 1479 Gregorae,
1304 1409 1336 1460 et

239 1508 382 1582 alionum,
403 1507 501 1567 omnia
519 1506 703 1588 paucissimia
719 1505 851 1586 exceptio
866 1505 1018 1565 anecdota.

323 1614 369 1674 Ita
397 1620 527 1694 quatuor
542 1608 631 1668 tomia
645 1608 794 1687 integrum
813 1628 889 1689 opua
901 1606 1065 1667 'conatabitz
1088 1606 1171 1686 quod
1184 1607 1279 1685 brevi,
1299 1618 1338 1668 ut

239 1734 343 1799 opero,
362 1714 549 1787 absolvetur,
571 1711 690 1770 favente
710 1708 791 1770 hisce
809 1710 917 1770 etudiia
937 1708 1049 1769 noatria
1061 1710 1262 1770 illaetaiaaimo
1276 1711 1338 1770 Co-

238 1816 326 1892 mite,
350 1812 524 1873 cancellarii
536 1810 617 1887 filio,
638 1810 823 1872 Hannounao
837 1812 1119 1873 Poacnaaauaaaao.
1162 1812 1274 1893 Nempe
1286 1812 1337 1873 hia

240 1916 279 1977 ad
297 1916 456 1975 secretiora
471 1912 557 1991 Regia
573 1912 697 1971 consilia
713 1912 868 1989 admiaaua,
889 1922 976 1991 atque
990 1911 1083 1993 ipeiua
1098 1912 1141 1972 rei
1157 1915 1273 1975 navalia
1285 1916 1338 1975 ad.

240 2015 454 2079 ministrationi
468 2012 656 2094 praefectua,
676 2013 786 2073 artium
801 2011 952 2095 praeterea
970 2023 999 2074 et
1011 2015 1236 2076 Academiarum
1247 2018 1338 2079 rebue

242 2117 416 2180 ordinandie
431 2112 587 2190 incumbit,
602 2132 760 2176 auooeeaor
771 2117 852 2175 idem
868 2125 899 2175 et
915 2116 1047 2175 aemulua
1061 2116 1172 2196 patria3
1186 2120 1337 2197 quemlit-

241 2232 373 2283 teramm
393 2238 429 2278 ao
448 2218 649 2277 litteratorum
665 2236 767 2278 amore
786 2227 816 2277 et
830 2218 951 2278 exculto
973 2218 1146 2279 liberalibua
1169 2221 1337 2304 diaoiplinia

242 2323 361 2404 ingenio
375 2321 537 2397 aiorefeat,
557 2319 634 2379 atei
654 2328 795 2380 nontam
815 2318 850 2379 in
864 2338 951 2381 eume
966 2340 1057 2401 quam
1077 2322 1112 2381 in
1124 2321 1245 2386 laudem
1265 2346 1338 2387 auo-

244 2426 366 2490 oaaaiaae
379 2422 524 2488 videatur.
542 2420 546 2433 '
