3017 4742
224 324 269 371 ax
336 303 340 311 ’
419 308 653 379 NICEPHORI
675 308 916 377 GREGORAE
935 253 1115 376 auocet.

225 474 337 547 οικεῒν,
356 468 408 533 καλ
421 464 491 533 κατ’
507 466 599 549 dapes
613 492 650 531 ια
641 464 818 550 ἰμέρη,
784 492 818 532 το
824 461 1016 571 θεωρητικὸν
1029 490 1110 549 φημι
1123 461 1223 529 καὶ
1188 490 1221 531 το
1238 489 1320 547 πρα-

223 552 341 629 ιπικόυ,
367 550 500 657 ἐλάχιστα
517 560 558 639 τῷ
579 556 757 663 Πτολεμαίῳ
770 549 920 660 χριόμενον
939 577 980 635 τῳ
968 552 1028 655 ⁸¹)
1038 554 1130 615 πλελω
1143 558 1207 625 τοῖς
1217 550 1321 613 νεωτέ-

222 650 296 742 (spec
313 633 520 703 πιστεύουσιν·
550 633 588 701 ου’
612 636 669 719 γὰρ
692 645 758 713 τοῖς
778 617 967 746 ’Λρόαβικοῖς
989 634 1094 719 μόνοις
1116 633 1277 718 ἆραοῦντες
1290 634 1320 718 ²)

221 718 354 801 κανόσιν,
368 724 402 789 ἐκ
414 747 468 788 του
457 721 629 831 ’Μωαμέθ
640 721 810 827 η’ργμένοις,
824 718 899 785 stit&
912 728 1033 797 πολλοῖς
1046 724 1099 785 καλ
1114 720 1215 796 αλλοις
1226 739 1321 828 προσ·

220 814 358 913 χρῶνται.
386 804 529 873 ταῦτάτε
553 801 611 871 ουν
633 812 739 886 σαφοῖς
754 807 927 885 έκδίδαξον,
949 807 1001 869 καλ
1027 808 1110 913 εἴπερ
1126 801 1190 870 οέόν
1204 830 1235 870 τε
1249 829 1323 882 τους

220 898 275 976 τῆς
289 896 446 973 ψηφορλας
460 888 590 968 κανόνας
604 888 695 975 (ουτω
716 890 749 955 δὲ
761 917 799 956 τα
790 889 1040 975 παραγγέλματα
1050 896 1108 956 τοῦ
1118 899 1323 1000 ψηφηφορεῖν
1380 919 1384 931 =

219 982 348 1043 καλοῦσι
345 978 543 1083 Λαιῑνοι)κ
545 978 666 1041 έλενσον
689 978 943 1061 μετεγγραφέντας
964 978 1109 1058 σιαλῆναί
1130 1001 1196 1083 μοι,
1223 1001 1265 1050 ως
1281 972 1322 1039 dv

221 1064 278 1144 έχω
297 1086 425 1138 εουιους
439 1071 502 1138 τοῖς
518 1063 640 1127 ἐκείνων
655 1065 849 1147 παραβαλεῖν.
869 1059 1009 1145 ἦμεῖς“
960 1087 1028 1167 γαρ
1044 1060 1125 1147 ἄκρῳ
1139 1058 1175 1125 ro⁸
1194 1084 1249 1125 τον
1236 1056 1322 1125 λό-

219 1170 276 1231 γου
294 1148 465 1231 γεγευμένοι
483 1144 619 1233 δακευλῳ
639 1152 705 1255 τῆς
723 1152 845 1253 κλεινῆς
864 1144 1029 1228 ἐπιστήμης
1057 1141 1234 1251 φλεγομεθα
1266 1144 1323 1228 μέν

219 1234 360 1309 πλείονος
374 1234 543 1345 ἐφιέμενοι·
565 1239 608 1320 τῷ
620 1256 654 1317 γε
666 1229 727 1341 μὴν
741 1228 867 1336 οἷποροῖν
886 1236 1022 1339 βιβλίων,
1046 1227 1252 1339 έκκροοόμεθα
1265 1236 1322 1295 τοῦ

222 1321 352 1381 σκοποῦ.
375 1314 497 1382 έιιελτ
459 1344 516 1383 ουν
532 1298 634 1423 ἔγνως,
658 1342 682 1381 ω
673 1311 861 1398 θαυμασιε,
875 1315 980 1381 adnot
983 1312 1067 1399 ’έμέ,
1088 1340 1140 1380 και
1153 1340 1226 1380 οιον
1242 1319 1322 1380 δεοί-

223 1426 286 1485 μην
301 1396 433 1485 ἀκριβῶς
447 1400 541 1469 οἶσθα
566 1400 735 1483 δήπουθεν
755 1400 807 1466 σον
819 1405 925 1467 τοίνυν
941 1403 1043 1510 ἔργον.
1043 1397 1161 1483 s'p'dnf'
1143 1425 1189 1465 οτι
1203 1396 1324 1464 καλλύ-

223 1510 294 1551 ναιο
317 1486 507 1595 cogeres*
469 1514 547 1553 ουτω
538 1486 666 1597 πόρρω
677 1510 710 1571 γε
722 1487 889 1573 ἱδρυμένῳ,
910 1487 975 1552 έπελ
992 1496 1057 1562 τοῖς
1077 1510 1110 1550 τε
1125 1484 1154 1572 ⁸)
1171 1489 1323 1567 συμπολί-

223 1596 289 1648 ταις
319 1596 395 1655 προς
422 1599 504 1637 απαν
526 1570 635 1681 α’ρμεῖς.
683 1552 860 1653 ἐρρωμένος
876 1570 1038 1657 διαβιοέρς,
1068 1571 1160 1651 ὁτῆς
1180 1568 1325 1648 Ἑλλάδος

192 1686 193 1691 ’
222 1652 385 1765 έξνὸορκης
393 1654 600 1744 4)ὀφθαλμός,
619 1657 767 1763 ὁσημέραι
774 1664 838 1731 τοῖς
852 1657 1054 1762 ελψμλοτέροις
1067 1658 1252 1741 προβαίνων,
1268 1656 1323 1722 καλ

221 1738 293 1817 τους
305 1738 385 1806 κάτω
401 1743 557 1826 κειμένους
568 1741 644 1827 πρὸς
661 1738 788 1806 σεαυτόν
801 1738 1008 1824 έφελκόμενος.

234 1891 441 1983 Georgius
462 1894 628 1983 Lapithas
648 1892 841 1984 Nicephoro
864 1893 1063 1983 Gregoroe,
1083 1917 1125 1959 er
1146 1890 1269 1981 (ἔγρεο.

304 2013 399 2074 Aiunt
412 2014 530 2095 physici
554 2034 716 2095 corporum
738 2014 946 2096 impressiones
969 2036 1004 2075 eo
1019 2014 1147 2075 ulterius
1167 2014 1322 2095 progredi,

220 2118 281 2178 quo
306 2119 356 2175 ea,
379 2120 455 2180 quae
476 2100 540 2160 vim
566 2100 758 2180 imprimunt,
779 2100 921 2160 maiorem
942 2100 976 2158 in
992 2121 1023 2161 se
1035 2101 1179 2162 virtutem
1196 2099 1319 2161 babent.

218 2184 323 2262 Itaque
344 2184 389 2243 nil
406 2185 514 2245 mirum
530 2182 560 2267 (o
575 2184 663 2263 mihi,
690 2186 779 2244 etiam
796 2186 885 2246 istinc
900 2186 1027 2266 procul,
1048 2186 1190 2245 dilectum
1207 2183 1322 2266 caput),

218 2268 300 2348 quod
317 2290 386 2329 cum
397 2279 499 2331 tantus
514 2270 642 2349 ipsanio,
665 2270 734 2329 inde
747 2290 840 2350 usque
851 2290 905 2330 nos
921 2269 1055 2330 irradies.
1098 2270 1217 2330 Etenim
1232 2272 1321 2348 fama,

218 2374 309 2433 quarn
329 2361 436 2435 potitae
455 2358 543 2422 Deam
565 2356 698 2435 fingunt,
721 2357 802 2415 ultra
815 2377 871 2416 nos
885 2375 1004 2435 quoque
1026 2364 1152 2415 conatur
1165 2363 1195 2414 te
1206 2376 1322 2435 provo-

216 2436 307 2514 laere3
329 2460 366 2498 sc
377 2440 408 2499 in
423 2441 518 2519 ipsam
531 2440 645 2499 indiam
663 2450 849 2521 penetraret,
871 2442 929 2500 nisi
945 2460 1015 2519 gens
1029 2441 1154 2499 barbara
1172 2439 1321 2521 importu-

217 2524 312 2583 nitate
336 2544 389 2584 sua
407 2525 489 2585 illius
508 2546 597 2585 voces
619 2527 771 2605 frangeret
790 2546 825 2585 sc
846 2526 1028 2586 retunderet.
1072 2526 1164 2585 Porro
1187 2536 1217 2585 te
1231 2526 1322 2603 fama,

218 2608 268 2668 vir
287 2610 414 2688 optime,
436 2620 574 2671 accurata
596 2612 858 2690 grammaticorum
879 2620 941 2670 arte
963 2619 1176 2692 praestantem,
1199 2610 1322 2670 dicendi

219 2693 306 2775 copis
334 2704 363 2753 et
383 2696 527 2775 elegantia
548 2698 795 2776 praestantiorem
818 2696 912 2755 canit:
935 2695 967 2754 in
985 2696 1150 2755 dialecticis
1168 2697 1322 2776 captioni-

219 2778 273 2839 bus
297 2788 327 2839 et
347 2782 471 2858 argutiis
495 2780 682 2863 (artificiosas
698 2781 768 2841 dico
781 2781 1068 2861 argumentationes,
1092 2800 1165 2861 quas
1180 2782 1321 2860 ingenio·
1355 2855 1358 2859 ι

218 2882 271 2925 sus
291 2863 466 2927 Aristoteles
487 2876 583 2927 rectas
602 2875 631 2925 et
647 2866 696 2925 his
723 2865 856 2927 diversas
872 2876 957 2926 acute
974 2865 1172 2944 excogitavit,
1194 2876 1263 2939 aut,
1284 2878 1322 2927 ut

203 2942 320 3011 ¹verius
346 2950 444 3011 dicam
452 2952 654 3051 ‚profundo
655 2960 779 3011 naturae
801 2953 871 3012 sinu
886 2951 1001 3011 abditas
1023 2951 1215 3029 investigavit
1236 2961 1266 3011 et
1287 2952 1321 3011 in

218 3045 355 3115 apertum
369 3000 527 3121 protulit),
549 3038 580 3096 in
595 3036 632 3096 iis
644 3036 768 3115 inquam
785 3038 863 3097 fama
877 3046 908 3095 te
922 3056 985 3095 non
997 3036 1178 3095 mediocrem
1196 3038 1320 3117 praedi-

218 3130 276 3180 cat.
319 3120 474 3181 Eademin
498 3122 710 3201 cognoscendis
723 3122 814 3183 rebus
828 3121 1031 3197 naturalibus,
1053 3130 1084 3179 et
1099 3117 1195 3203 (quod
1210 3117 1319 3208 maius)

217 3204 251 3263 in
267 3224 301 3263 eo
321 3206 402 3285 quod
419 3216 477 3277 est,
502 3217 645 3287 quatenus
660 3216 719 3283 est,
743 3207 974 3305 contemplando
992 3216 1023 3266 et
1039 3205 1320 3307 comprehendendo

217 3310 350 3367 sagacem
374 3292 498 3351 clamat.
520 3293 666 3371 denique,
688 3292 774 3352 velut
795 3292 1008 3374 pretiosissima
1034 3311 1164 3369 corona,
1185 3292 1320 3352 scientiis

217 3384 306 3433 ornat
327 3374 557 3453 mathematicis;
581 3396 613 3435 ea
633 3379 825 3457 praesertim,
848 3398 923 3457 quae
942 3386 986 3437 est
1004 3377 1138 3436 omnium
1152 3339 1242 3455 ipex,
1265 3378 1320 3436 in-

210 3466 298 3521 tenta
319 3480 425 3541 nempe
446 3462 632 3542 explicandis
651 3462 781 3522 motibus
801 3471 833 3521 et
854 3462 1017 3523 virtutibus
1033 3482 1194 3541 corporum
1207 3482 1319 3543 perpe-

215 3552 271 3604 tuo
290 3554 375 3605 motu
393 3547 579 3625 agitatorum.
622 3546 703 3607 Haec
715 3546 751 3607 de
767 3558 798 3607 te
816 3548 937 3627 quidem
949 3548 1045 3622 sama,
1066 3548 1115 3606 cui
1133 3548 1177 3605 fas
1195 3549 1319 3608 credere

215 3638 269 3689 est
311 3630 352 3691 At
365 3640 411 3701 tu,
432 3632 481 3693 vir
495 3631 678 3705 admirande,
700 3633 819 3713 quando
831 3631 958 3693 effecisti
970 3642 1006 3692 ut
1019 3652 1103 3691 mens
1114 3640 1167 3690 tua
1183 3632 1241 3691 toti
1252 3632 1319 3693 Μα-

215 3733 318 3777 sarum
344 3714 436 3776 cboro
459 3718 544 3779 velut
560 3718 706 3798 templum
723 3728 855 3798 pateret,
879 3717 1110 3796 cogitationibus
1130 3716 1190 3777 tuis
1202 3718 1317 3795 beatus,

212 3798 304 3863 habes
325 3802 466 3863 undosis
489 3803 573 3864 felix.
617 3803 767 3877 Quoniam
780 3812 882 3863 tamen
896 3804 1014 3880 animo,
1036 3802 1148 3863 divinis
1162 3802 1319 3882 speciebus

213 3884 393 3966 informato,
415 3888 448 3951 id
468 3888 552 3969 quod
566 3888 690 3949 scientia
708 3899 770 3963 est,
791 3890 887 3948 multo
900 3889 985 3969 prius
1000 3889 1187 3948 voluntatem
1204 3897 1319 3948 rectam

213 3974 372 4033 accessisse
392 3994 450 4054 par
472 3983 517 4033 est
538 3973 677 4034 arbitrari
696 3973 781 4054 (nam
792 3994 826 4035 ss
841 3984 886 4034 est
899 3975 989 4054 plane
1004 3982 1146 4055 expressa
1161 3973 1320 4074 prototypi

214 4056 323 4133 virtus,
343 4078 399 4119 nec
412 4058 486 4120 boni
501 4059 594 4119 ullius
606 4059 757 4141 particeps
774 4059 933 4139 quisquam
949 4079 1011 4120 esse
1027 4058 1175 4135 creditur,
1200 4059 1254 4140 qui
1265 4061 1319 4121 in-

215 4140 299 4210 vidia
314 4104 487 4225 'laboretg'
477 4166 511 4205 m
525 4145 559 4206 id
572 4154 603 4207 te
623 4166 739 4207 summo
756 4145 857 4207 studio
874 4153 997 4227 oportet
1008 4143 1197 4223 incumbere,
1218 4156 1254 4206 ut
1273 4144 1318 4206 si-

251 4310 280 4379 t)
296 4304 340 4366 sai.
408 4310 566 4383 2)Fort.’
549 4316 708 4387 αρκοόνται
778 4314 810 4385 8)
827 4330 866 4387 γε.
935 4313 968 4382 4)
984 4307 1144 4384 ὀξυδερκής·
