3017 4742
429 268 669 337 NICEPHORI
690 266 932 341 GREGORAE
952 272 1070 344 vm
1192 288 1297 339 xxm
1341 269 1351 305 ‘

194 427 335 509 &tropon
349 422 428 491 nard
447 424 481 492 ed
501 424 628 493 δυνατὸν
648 420 785 511 διήγησις
797 433 852 511 τῆς
868 429 918 495 ἐπὶ
934 435 993 495 roei
1002 433 1149 498 mattos
1160 429 1289 503 troium

190 518 247 578 soei
262 511 412 597 βασιλέως
421 512 584 615 γενομένης
594 514 750 591 δισλέξεως
762 518 818 579 τοῦ
831 514 864 579 ἔν
879 514 975 598 ἆγίοις
987 515 1100 603 πατρός
1112 518 1202 601 ἡμῶν
1216 528 1292 605 Perp-

189 600 299 760 trtt
320 599 1290 768 tentnntzttttttttnntentetur

193 782 240 830 ter
260 782 399 829 sanctum
412 773 540 829 Patrem
560 782 700 830 nostrum
720 772 908 853 Gregoriam,
925 774 1185 855 archiepiscopum
1204 777 1293 836 Dies-

194 856 411 917 ‘saioniceneem
432 868 461 914 et
485 856 654 937 Gregoram
672 856 895 938 Philosophum
916 862 948 919 in
965 860 1086 939 palatio
1113 883 1216 921 coram
1230 862 1293 921 Im-

189 954 332 1023 peratore
362 940 504 1001 habitae:
532 962 624 1021 eaque
643 942 777 1003 narratio
800 943 972 1023 dogmaticis
991 946 1125 1006 Palamae
1150 947 1292 1028 openbus
1345 931 1352 945 Ι

193 1027 329 1109 praefixa
362 1036 416 1087 est.
467 1028 494 1086 ls
513 1036 611 1087 autem
631 1027 684 1109 qui
705 1048 769 1089 eam
799 1029 896 1089 texuit
927 1030 1087 1111 Gregoram
1108 1030 1291 1110 argumentis

192 1112 333 1173 futilibus
351 1121 381 1171 st
393 1132 529 1172 sermone
545 1113 745 1191 inconcinno;
768 1114 917 1175 Palamsm
932 1136 1002 1176 vero
1014 1137 1077 1177 non
1094 1116 1245 1179 rationum
1257 1116 1290 1178 vi

191 1199 312 1274 solum,
335 1196 387 1257 sed
405 1207 435 1257 et
453 1198 553 1258 verbis
570 1198 750 1277 elegantibus
767 1220 831 1259 sese
843 1201 1050 1262 defendentem
1069 1202 1196 1262 inducit.
1227 1205 1289 1263 lle·

191 1285 287 1363 nique
301 1282 463 1343 Mediolani
484 1283 516 1343 in
534 1282 719 1345 Bibliotheca
738 1284 932 1346 Ambrosiana
957 1287 1074 1348 libellus
1089 1284 1115 1369 ¹)
1139 1298 1219 1349 extat
1238 1287 1290 1348 in·
1357 1329 1364 1338 ·

194 1369 335 1451 scriptus,
357 1366 425 1449 nepl
438 1372 494 1449 τῆς
504 1372 559 1432 soei
567 1375 706 1455 Γρηγορᾶ
714 1371 944 1454 ψευδογραφίσς
955 1370 1031 1454 tuoe
1041 1372 1092 1436 nol
1106 1374 1289 1455 δυσσεβείας,

193 1452 231 1513 de
250 1456 405 1533 Gregorae
417 1456 540 1535 seraptis
555 1454 761 1533 mendacibus,
775 1468 807 1515 et-
816 1454 854 1514 de
870 1456 1002 1517 eiusdem
1014 1461 1185 1540 impietate:
1201 1479 1289 1539 quem

190 1539 244 1619 qui
257 1538 441 1619 composuit,
463 1539 534 1599 isin
551 1540 617 1621 ipso
641 1542 767 1603 exordio
783 1542 945 1621 significat,
968 1543 1134 1624 oppugnari
1151 1566 1168 1603 a
1185 1564 1216 1604 se
1229 1540 1287 1624 nio

189 1630 244 1707 τῆς
265 1623 422 1700 διαλέξεως
445 1618 602 1709 διήγησιν,
624 1626 733 1706 idest,
752 1631 960 1686 narrationem
976 1628 1207 1711 disputationis.
1248 1629 1289 1688 Hi

191 1710 263 1770 aurit
281 1708 420 1771 nimirum
433 1708 496 1791 illi,
518 1712 825 1791 quosCantacuzenus
838 1714 986 1793 Gregorse
1007 1714 1166 1795 opposuit,
1188 1714 1292 1773 frivoli

197 1804 280 1853 caste
304 1804 334 1853 et
356 1794 439 1875 parvi
461 1796 604 1876 ponderis
615 1797 729 1868 hbelli;
758 1806 795 1856 ut
815 1818 879 1855 non
897 1798 1048 1856 immerito
1069 1819 1121 1857 eos
1145 1799 1293 1875 Gregoras

195 1873 475 2043 tentent
484 1874 1292 2046 tzittnttt‘ftt

462 2010 472 2042 s
1193 2009 1202 2040 i
1276 1999 1292 2013 ·

190 2070 279 2110 auso
298 2056 368 2108 ae're
384 2054 491 2109 atatim
514 2054 728 2115 evanescentia.

186 2190 196 2197 .
273 2134 477 2196 Nihilominus
489 2135 568 2197 idem
583 2136 636 2217 qui
648 2156 700 2197 eos
713 2135 833 2195 libellos
847 2130 1023 2215 vulgaverat
1036 2134 1200 2217 lossapbus
1214 2136 1290 2195 Can·

186 2229 372 2297 tscuzenus,
395 2222 497 2301 elapso
517 2222 588 2282 inde
610 2242 690 2282 anuo
712 2222 829 2301 integro
851 2221 1043 2297 sedimine,
1066 2222 1120 2282 ubi
1141 2242 1207 2301 spes
1222 2242 1289 2280 snas

187 2307 256 2389 ipso
278 2316 392 2367 eventu
407 2308 523 2367 delusas
538 2306 630 2386 vidit,
653 2306 815 2386 Gregoram
832 2326 953 2367 rursum
970 2306 1104 2386 experiri·
1115 2305 1237 2383 statuit,
1260 2314 1291 2365 et

185 2413 242 2475 per
255 2392 368 2452 amicos
386 2392 507 2453 domum
526 2391 668 2453 invitavit
685 2389 723 2471 ⁸).
755 2392 903 2471 Gregoras
922 2391 1067 2451 amicitiae
1080 2392 1290 2471 redintegrau-

188 2478 245 2539 dse
264 2498 318 2559 spe
343 2476 488 2553 allectus,
510 2488 539 2537 et
561 2478 632 2559 quia
652 2476 738 2537 illum
752 2478 892 2559 putabat,
911 2486 1026 2537 mutata
1041 2477 1118 2536 lorte
1132 2475 1289 2553 sententia,

188 2564 268 2625 velle
292 2572 392 2623 errata
408 2562 546 2624 confiteri
560 2573 590 2623 et
608 2562 769 2641 corrigere,
790 2582 853 2621 nou
865 2572 985 2641 gravate
995 2562 1106 2642 paruit,
1128 2571 1158 2621 et
1171 2582 1289 2621 summo

192 2669 279 2709 mane
298 2648 337 2708 sd
360 2668 429 2708 eum
445 2647 538 2708 venit.
579 2646 623 2709 Ac
644 2668 742 2707 sermo
756 2646 893 2728 quidem,
912 2657 948 2707 ut
964 2649 1044 2708 inter
1056 2646 1167 2707 amicos
1181 2666 1292 2725 eosque

193 2744 325 2809 veteres,
345 2732 473 2793 blandus
491 2734 621 2814 primum
642 2743 671 2793 et
684 2731 789 2794 hilaris
802 2731 869 2797 luit.
911 2732 1032 2809 Deinde,
1055 2732 1189 2791 Palamae
1202 2751 1290 2790 men-

193 2820 276 2879 tioue
290 2819 415 2901 iniecta,
438 2838 505 2879 cum
519 2828 546 2880 et
559 2806 782 2878 Gantscuzenus
797 2827 827 2878 et
839 2825 1035 2878 assentatores
1050 2813 1190 2874 monachi
1204 2814 1290 2874 illum

190 2906 315 2965 laudare
328 2915 358 2964 et
373 2902 514 2965 admirari
527 2904 708 2987 coepissent,
729 2907 771 2962 ita
788 2904 933 2981 Gregoras
948 2900 1126 2978 excanduit,
1149 2907 1184 2959 ut
1197 2920 1234 2959 ex
1248 2900 1293 2959 fs·

191 2990 304 3051 miliari
330 2988 482 3069 colloquio
505 2989 542 3049 ad
564 2988 659 3068 iurgia
673 2988 813 3070 protinus
830 2988 912 3047 etad
929 2985 1065 3048 convicia
1081 2995 1207 3046 ventum
1221 2986 1290 3046 lue-

192 3076 243 3139 rit.
284 3076 415 3135 Tantum
430 3075 521 3155 igitur
540 3076 654 3152 abfuit,
675 3084 711 3133 ut
731 3094 766 3133 eo
780 3072 931 3151 colloquio
946 3073 1014 3133 lites
1031 3079 1290 3152 componerentur,

192 3170 227 3221 ut
243 3161 330 3221 novis
346 3159 560 3221 offensionibus
569 3160 687 3221 irritata
703 3159 772 3219 odia
783 3158 1001 3220 recruduerint.
1043 3156 1159 3216 Debeo
1174 3164 1292 3237 postre-

190 3268 241 3307 ma
266 3246 473 3326 disputatione
490 3245 635 3327 Gregoras
654 3242 785 3325 dialogos
807 3252 937 3323 quatuor
956 3242 1093 3322 scripsit,
1116 3263 1165 3301 eos
1179 3242 1290 3303 videli-

191 3340 256 3404 cet,
281 3332 333 3412 qui
347 3331 496 3392 Historiae
516 3332 609 3392 libros
623 3330 748 3390 totidem
765 3329 967 3405 constituunt3
988 3328 1172 3407 trigesimum
1186 3348 1291 3387 secun-

194 3417 268 3477 dum
285 3417 372 3491 dico,
394 3425 423 3477 et
436 3426 496 3477 tres
516 3417 658 3497 deinceps
672 3417 839 3478 continuos.
882 3416 960 3473 Sunt
973 3423 1073 3472 eutem
1083 3412 1106 3471 ii
1119 3434 1200 3473 mere
1212 3413 1290 3493 dog·

195 3502 312 3577 nautici,
334 3501 435 3583 primo
450 3515 593 3584 excepto,
614 3502 697 3563 cuius
712 3500 870 3561 exordium
882 3498 1059 3559 historicum
1073 3506 1125 3558 est.

280 3587 341 3647 Sub
359 3588 437 3647 illud
451 3589 541 3649 credo
558 3598 676 3669 tempus
694 3584 857 3667 loasapbus
872 3587 1103 3655 Cantacuzenus,
1124 3580 1291 3663 persolutis

195 3670 344 3733 Historiae
353 3674 537 3755 liyzantinae
557 3673 651 3751 libris,
671 3693 796 3753 quorum
810 3671 954 3751 Gregoras
969 3680 1073 3729 auctor
1093 3688 1156 3727 esse
1172 3668 1291 3727 tereba-

194 3767 264 3833 tur,
287 3778 354 3817 cum
379 3759 437 3817 alia
451 3760 545 3820 multa
558 3758 592 3819 in
613 3760 650 3819 iis
669 3758 786 3818 notavit
799 3755 845 3840 4);
869 3766 935 3815 tum
949 3754 1025 3815 illud
1040 3754 1078 3815 de
1096 3774 1128 3813 se
1141 3751 1293 3831 inprimis,

194 3842 279 3923 quod
303 3842 344 3903 ibi
365 3843 532 3921 diceretur,
554 3847 713 3925 superstite
732 3840 910 3903 Andronico
926 3842 1108 3921 Imperatore
1127 3834 1290 3895 monachos

193 3932 310 3988 mentae
321 3928 405 3989 Attio
417 3929 575 4009 fatidicos
590 3928 721 4003 adiisse,
743 3940 827 3987 etan
841 3948 943 3987 rerum
958 3930 1120 4007 potiturus
1137 3930 1227 3997 esset,
1249 3921 1290 3979 ab

193 4018 237 4073 iis
259 4016 439 4075 sciscitatus
449 4018 559 4097 saraae.
602 4016 685 4079 [dem
697 4014 785 4076 etism
797 4012 968 4095 gravissima
982 4009 1124 4078 oriminfls
1146 4006 1293 4087 ΐθῙῙὸἱῡθῙΙ

231 4216 261 4284 1)
279 4216 358 4271 Nom.
375 4216 449 4275 0.1.
500 4216 532 4285 2)
548 4216 615 4269 llist-
631 4216 697 4287 Bye.
714 4214 761 4269 lib.
778 4230 864 4269 xxxu.
882 4210 986 4266 nater
1001 4205 1110 4263 initium.
1167 4207 1202 4277 8)
1217 4206 1290 4263 A-O.

264 4300 403 4341 accessu.
472 4284 505 4357 t)
521 4287 662 4341 oannem
678 4284 748 4341 Eiet.
765 4284 810 4343 lib.
826 4300 865 4339 ss.
882 4296 941 4353 esp·
957 4281 1001 4336 24.
1017 4284 1045 4334 st
1059 4278 1104 4336 25.
