3017 4742
225 344 269 391 xx
442 324 677 397 NICEPHORI
705 322 944 394 GREGORAE
969 322 1086 397 Vtra,

226 510 294 551 eum
309 486 384 550 tacit
401 478 572 569 patriarcba
587 484 763 547 Philotbeus
783 484 817 545 in
831 482 1042 545 Antirrbeticia
1057 480 1095 564 ι).
1129 483 1197 565 lpse
1208 482 1241 542 in
1252 467 1322 545 dis-

225 576 293 654 logo
308 571 345 632 de
357 576 515 652 Sapientia
535 584 626 632 vocat
648 591 679 632 se
701 572 916 631 Heracleotam.
959 568 1148 629 Avunculum
1163 578 1243 629 certe
1263 565 1322 627 ba·

226 659 293 719 buit
310 659 449 717 loannem
465 655 494 739 ²)
516 655 676 717 Heracleae
697 656 979 737 metropolitanum,
1002 654 1064 712 eius
1092 654 1222 731 scilicet,
1244 672 1323 733 quae

225 744 366 803 Heraclea
384 742 472 803 Ponti
492 742 604 802 dicitur
624 750 654 801 ct
676 741 731 800 sita
751 751 796 801 est
818 741 851 799 in
871 740 981 823 linibus
1003 736 1227 818 Paphlagoniae.
1277 738 1321 798 Dc
1344 787 1347 801 .

224 828 399 909 parentibus
415 828 537 905 aliisque
554 826 686 905 cognatis
701 824 778 885 nibil
792 824 950 886 memoriae
970 824 1123 905 proditum
1137 834 1193 885 est.

308 912 345 972 In
373 932 406 971 ea
435 910 510 973 urbe
540 912 683 971 educatus
703 911 799 991 prima
822 910 946 991 puerilis
968 909 1123 969 dominae
1149 906 1321 968 rudimenta

226 995 284 1058 sub
309 996 440 1057 antistite
469 998 618 1057 avunculo
639 996 750 1077 posuit.
803 995 878 1055 Inde
894 994 922 1075 3)
953 995 1118 1054 menolatus
1141 994 1321 1074 Byzantium

224 1082 351 1142 tradidit
364 1102 395 1143 se
409 1083 442 1141 in
456 1082 646 1164 disciplinam
667 1080 856 1161 patriarchae
871 1080 990 1140 loannis
1005 1080 1149 1159 Glyceos‚
1170 1078 1224 1157 qui
1238 1076 1320 1159 apud

224 1166 307 1227 illius
329 1166 393 1227 aevi
413 1166 549 1227 homiues
574 1166 787 1227 disertissimus
808 1177 838 1227 et
857 1154 951 1227 itttti
962 1166 1109 1225 sermonis
1121 1164 1321 1244 peritissimus

225 1250 389 1313 habebatur
401 1249 440 1333 4).
483 1252 554 1311 Eius
576 1261 680 1310 autem‘
697 1250 851 1333 pontificis
871 1251 1087 1311 consuetudine
1102 1249 1254 1309 studiosus
1268 1248 1321 1307 iu-

224 1334 350 1417 venis⁶)
381 1342 538 1416 tantopere
563 1336 779 1413 delectabatur,
808 1346 844 1397 ut
859 1335 913 1396 diu
930 1346 1083 1415 noctuque
1101 1335 1138 1393 ab
1164 1333 1246 1393 illius
1267 1352 1320 1392 ore

224 1420 377 1502 penderet.
416 1421 554 1481 Vicissim
576 1419 635 1501 ipsi
649 1420 838 1501 patriarchae
857 1421 901 1481 sic
915 1420 1057 1501 discipuli
1072 1420 1160 1481 stilus
1171 1418 1319 1499 placebat,

224 1512 261 1565 ut
284 1524 368 1582 eum,
394 1506 484 1584 longo
506 1506 610 1565 morbo
637 1505 806 1566 debilitatae
820 1504 865 1587 θ),
886 1515 1096 1567 testamentum
1118 1503 1174 1565 sibi
1190 1503 1320 1564 sonbere

225 1598 257 1651 et
271 1608 449 1669 componere
462 1591 580 1651 iusserit
592 1586 636 1669 ⁷).-

308 1674 351 1733 Ut
363 1674 397 1734 in
409 1674 568 1735 rhetoricis
590 1674 804 1755 patriarcham,
828 1675 870 1735 ita
889 1675 922 1735 in
949 1674 1157 1735 astronomicis
1179 1693 1320 1751 maguum

223 1756 418 1838 Lugotbetam
437 1756 610 1837 magistrum
637 1759 831 1820 excellentem
850 1759 964 1819 babuit.
1005 1759 1121 1819 Eratis
1144 1758 1321 1823 Theodorus

224 1842 415 1905 Metochites:
438 1843 490 1921 qui
508 1844 625 1928 quidem
645 1843 753 1920 initio,
775 1844 841 1903 sive
856 1844 1005 1920 Gregorae
1021 1843 1215 1903 adolescentis
1232 1843 1320 1921 inge·

224 1927 309 1989 nium
321 1926 454 1986 nondum
469 1936 663 2005 pernoverat,
686 1927 748 1987 sive
762 1947 869 1988 meana
884 1928 1077 1987 scientiarum
1092 1937 1203 1987 temere
1215 1928 1319 1989 dival-

223 2012 289 2091 gari
309 2010 392 2069 nefas
412 2010 553 2089 putabat,
575 2011 694 2091 parcius
721 2030 789 2073 cum
809 2030 843 2069 eo
867 2012 1109 2091 colloquebatur,
1136 2032 1193 2079 uec
1215 2032 1319 2072 rerum

225 2095 423 2175 cognitionem
444 2094 590 2173 integram
607 2094 633 2153 ei
655 2094 899 2155 communicabat.
940 2097 1054 2155 Deinde
1068 2096 1164 2156 enixis
1178 2096 1319 2177 precibus

225 2189 255 2240 et
269 2180 307 2239 ad
319 2178 558 2259 persuadendum
576 2179 740 2257 composita
761 2178 892 2243 eiusdem
906 2182 1040 2240 oratione
1062 2182 1160 2243 victus
1187 2184 1325 2262 perfecte

224 2274 255 2324 et
267 2263 415 2323 cumulate
436 2263 463 2323 ei
478 2263 577 2323 omnia
595 2262 767 2324 reconditae
781 2266 853 2324 artis
866 2276 1025 2347 praecepta
1038 2266 1164 2326 tradidit
1176 2266 1213 2347 ο).
1235 2266 1319 2347 Quin

223 2358 254 2409 et
267 2367 333 2408 urm
342 2348 494 2408 doctrinae
501 2347 639 2415 heredem
654 2368 713 2408 ase
727 2348 897 2409 institutum
908 2350 1093 2431 praedicavit
1103 2372 1165 2412 non
1178 2348 1318 2432 semel⁹)t

188 2428 199 2443 ’
222 2433 313 2512 idque
333 2432 367 2492 iu
386 2434 423 2494 iia
442 2433 593 2511 versibus,
616 2454 692 2513 quos
711 2434 781 2494 exul
795 2434 931 2517 scripsit,
953 2436 1085 2517 apertius
1098 2438 1248 2518 professus
1263 2445 1315 2497 est.

223 2517 312 2581 Tanti
329 2517 456 2597 denique
468 2517 567 2599 ipsum
582 2520 667 2595 lecit,
688 2528 725 2577 ut
738 2518 838 2580 liberis
852 2519 913 2581 suis
932 2522 1025 2600 paene
1039 2522 1219 2602 exaequant.
1253 2522 1317 2582 lta-

222 2622 280 2682 que
304 2602 621 2672 monasteriochorae
647 2604 761 2683 maguis
794 2606 961 2685 sumptibus
990 2606 1173 2683 instaurato,
1202 2606 1317 2667 eodum

221 2686 334 2747 illicet
357 2687 522 2748 adiutorem
542 2688 667 2748 eumad
685 2689 786 2749 omnia
806 2690 868 2750 fere
884 2690 988 2751 babuit
1000 2690 1059 2773 ¹⁰):
1084 2711 1188 2752 rerum
1202 2692 1317 2752 ibidem

221 2770 501 2852 pretiosissimarum
509 2772 751 2853 procurationem
764 2774 791 2835 ei
803 2776 894 2835 rivus
902 2776 1066 2849 commisit3
1081 2778 1213 2837 moriens
1231 2796 1317 2838 suam

223 2856 443 2937 quodammodo
456 2858 552 2919 vicem
566 2878 709 2938 suumque
723 2860 757 2919 in
780 2880 813 2920 ea
834 2860 923 2921 domo
942 2881 1051 2920 munus
1071 2861 1167 2921 eidem
1184 2861 1318 2921 admini-

222 2941 381 3002 strandum
401 2941 512 3021 legavit
527 2939 578 3023 ¹¹).

307 3028 417 3087 Contra
435 3027 578 3106 Gregoras
598 3026 776 3088 Metocbitee
788 3028 911 3106 liberos,
931 3027 1029 3089 filium
1044 3050 1151 3111 nempe
1163 3038 1195 3090 et
1211 3030 1315 3108 liliam,

221 3110 339 3187 erudiit,
352 3120 382 3171 et
396 3112 604 3174 obscurissime
616 3123 888 3193 quaequeveterum
896 3124 1055 3174 auctorum
1066 3115 1221 3197 scriptaiis
1229 3137 1317 3197 prae-

219 3196 293 3274 legit
305 3205 392 3275 atque
406 3196 616 3275 interpretatus
635 3208 679 3257 est
689 3197 743 3279 ¹²).
786 3198 975 3259 Metocbitsm
988 3200 1088 3281 ipsum
1104 3200 1186 3261 omni
1199 3221 1316 3281 semper

222 3278 316 3341 officii
326 3296 432 3360 genere
438 3281 545 3355 coluit:
557 3281 740 3360 imminentis
747 3284 922 3344 calamitatis
933 3295 1016 3346 metu
1021 3286 1194 3369 perculsum
1200 3296 1230 3347 et
1236 3286 1316 3347 affli-

256 3476 288 3549 ι)
310 3478 370 3535 nto.
389 3496 436 3533 χιι.
460 3480 517 3537 eoa.
540 3498 595 3554 reg.
615 3485 691 3541 1996.
707 3481 752 3536 nt.
768 3486 831 3541 eea.
914 3486 947 3553 s)
971 3486 1105 3555 cregom
1122 3484 1191 3542 maa
1208 3485 1253 3542 n.
1275 3502 1313 3540 ιι.

288 3550 350 3605 οι7.
402 3550 433 3617 3)
446 3552 626 3606 Annochristi
639 3567 767 3613 nocem.
817 3549 849 3621 4)
867 3552 1076 3623 captantem,
1092 3556 1314 3621 A.C.1cccxvu‚

288 3632 344 3669 clun
358 3618 518 3673 Andronicus
530 3620 672 3691 Imperator
685 3621 821 3673 Iustiniani
832 3627 942 3675 statuam
957 3632 1115 3692 equestrem,
1132 3625 1204 3678 venti
1214 3624 1315 3695 impetu

286 3702 441 3823 iiiia
455 3688 848 3828 iiiiie‘oimhiiimiiiii,
857 3692 1314 3817 tettittffittltt

286 3824 337 3877 lem
358 3774 489 3879 eremium
513 3776 735 3891 nactuagbiatua'm
756 3826 858 3909 curiose
885 3830 1070 3899 mutemplatus
1094 3836 1151 3897 est,
1173 3802 1261 3901 'steine
1280 3847 1314 3883 ex

285 3894 1314 4035 2⁰:¹¹3ttet”llt¹}t⁸tt⁸tlttilt⁰⁸,f.tltltt⁰¹ttltttrtfiffltlt:

286 4026 354 4081 ntes
371 4030 416 4083 no.
433 4046 481 4085 vn.
506 4048 530 4087 e.
554 4036 594 4087 ss
667 4036 700 4101 e)
722 4037 808 4087 nno·
825 4039 902 4088 nn.
920 4035 1026 4090 eree:
1037 4038 1081 4091 21.
1113 4038 1182 4091 Vide
1200 4005 1246 4091 ito.
1261 4052 1312 4091 vn

285 4100 451 4155 c.11.s.1.
514 4101 552 4169 ·6)
576 4102 736 4156 Testamenti
756 4102 857 4159 scilicet
876 4104 1023 4169 exordium,
1039 4104 1110 4175 quod
1125 4107 1313 4163 ertatllistor.

283 4164 329 4219 lib.
343 4180 403 4247 vqs.
472 4168 592 4239 7)Anno
606 4172 705 4225 Christi
718 4188 836 4226 locon.
894 4174 925 4240 8)
941 4173 999 4227 Lib.
1014 4190 1074 4227 vm.
1091 4193 1115 4229 c.
1130 4175 1156 4229 7.
1208 4177 1241 4243 9)
1255 4175 1313 4232 Lib.

284 4236 424 4360 ἓξὲξ.
494 4240 542 4309 10)
558 4238 669 4297 bib-tx.
686 4239 767 4299 eta
836 4241 885 4310 11)
902 4239 1042 4297 libum
1059 4245 1126 4300 αἳ.
1187 4244 1237 4314 12)
1252 4242 1312 4299 lib.
