3017 4742
220 286 299 337 xxiv
450 268 687 343 NICEPHORI
707 262 953 419 Gnteoqan
974 266 1092 337 VITA.

145 501 156 519 ,
218 442 329 496 tenatos
342 450 450 493 nomen
463 428 614 491 Theodori
627 426 815 507 hletoohitae,
828 448 925 509 nuper
937 427 973 486 ab
989 426 1081 489 exibo
1092 423 1243 503 revocati3
1255 442 1314 485 nso

218 520 318 582 minor
331 518 490 596 Gregoram
506 514 682 576 eruditionis
701 516 780 575 fama
795 513 1034 573 commendabst‘
1070 512 1125 572 llis
1142 512 1314 572 Barlaamus

220 604 433 679 obtrectando,
455 621 486 661 se
502 601 601 683 ipsum
615 600 772 661 venditare
790 609 821 661 et
836 600 938 659 fucum
950 597 1098 679 imperitis
1114 598 1212 657 facere
1222 596 1314 655 iusti-

218 690 295 750 tuit:
317 708 352 746 ac
369 687 548 761 nonnullos,
569 706 689 747 morum
709 684 902 745 similitudine
917 683 1110 757 conciliatos,
1131 683 1217 742 adse
1237 682 1314 742 allo-

220 776 281 852 xit3
303 792 372 832 cum
389 772 498 852 quibus
516 772 569 832 diu
582 791 648 852 spes
663 790 757 831 vanas
770 770 854 832 aluit.
893 770 1036 845 hemum,
1057 767 1127 848 quia
1146 766 1228 827 band
1243 787 1315 827 suo-

221 860 359 935 cedebat,
381 866 410 917 et
423 856 575 918 hominem
586 855 774 915 ambitiosum
788 852 951 934 Nicephori
968 854 1115 932 Gregorae
1135 854 1213 912 sama
1238 871 1316 911 ure·

220 944 286 1019 bat,
309 942 376 1001 ideo
397 940 493 1017 hunc,
522 940 713 1001 suadentibus
736 940 907 1017 nonnullis,
929 948 1031 1021 sperts
1055 939 1200 999 lacessere
1229 946 1259 997 et
1275 934 1316 996 ad

221 1028 404 1089 dialecticam
434 1046 564 1109 pugnam
589 1046 755 1108 provocare
770 1046 869 1085 ‚ausus
896 1034 949 1085 est.
1010 1024 1155 1103 Gregoras
1184 1021 1315 1104 propriis

221 1112 356 1173 cladibus
386 1132 420 1171 ac
447 1112 570 1193 insuper
592 1110 679 1170 amici
702 1110 881 1171 Metocbitae
902 1109 1007 1170 morbo
1032 1108 1209 1188 gravissimo
1234 1106 1316 1167 affli-

221 1207 288 1257 ctus
309 1206 458 1258 certamen
478 1197 566 1256 initio
588 1196 778 1257 detrectabat.
819 1195 932 1256 Deinde
954 1194 1058 1254 amicis
1080 1193 1264 1273 rogantibus,
1285 1200 1317 1252 et

219 1292 258 1342 ut
275 1302 359 1342 suam
372 1302 550 1361 suorumque
560 1281 753 1363 popularium
766 1280 890 1361 gloriam
901 1290 1037 1340 tueretur
1045 1277 1246 1357 hortantibus,
1264 1275 1317 1336 iu-

220 1367 308 1427 bente
320 1366 408 1427 etiam
423 1376 452 1427 et
466 1368 554 1427 minis
569 1376 694 1447 urgento
707 1365 808 1427 nescio
822 1387 881 1446 quo
891 1362 920 1449 ¹)
936 1384 1056 1443 magnae
1069 1364 1255 1425 auctoritatis
1269 1362 1317 1421 vi-

220 1474 272 1529 ro,
294 1452 327 1511 in
340 1472 458 1511 arenam
476 1472 560 1531 aegre
582 1450 751 1527 descendit,
773 1450 811 1510 de
832 1450 1009 1510 eruditionis
1030 1450 1131 1530 palma
1152 1470 1220 1509 cum
1239 1447 1316 1508 ltslo

221 1538 434 1598 decertaturus.
470 1536 505 1597 ln
518 1558 551 1596 ea
565 1535 766 1617 disputatione
782 1536 996 1613 adversarium,
1013 1534 1067 1615 qui
1078 1555 1109 1596 se
1124 1534 1224 1593 omnia
1237 1532 1316 1593 scira

221 1621 365 1701 gloriatus
384 1622 498 1699 luerat,
525 1642 559 1681 eo
580 1621 710 1699 redegit,
743 1629 779 1680 ut
807 1641 838 1680 se
859 1621 1073 1696 astronomiae,
1099 1619 1317 1698 grammaticae,

221 1704 387 1768 rhetoricae
403 1716 433 1766 et
454 1708 589 1786 poeticae
606 1707 695 1786 plane
718 1704 826 1765 rudem
839 1726 902 1765 esse
917 1707 1078 1765 fateretur:
1100 1704 1192 1763 immo
1205 1723 1262 1763 nec
1275 1701 1318 1761 li-

221 1792 292 1852 bros
308 1788 476 1850 Aristotelis
495 1790 569 1849 alios
592 1810 697 1865 nosse,
718 1790 777 1849 nisi
802 1790 854 1869 qui
875 1790 913 1849 de
930 1789 1018 1849 rebus
1033 1787 1167 1868 physicis
1189 1794 1319 1867 agerent,

222 1874 324 1936 autad
338 1875 521 1933 dialecticam
533 1876 725 1956 pertinerent.
767 1875 922 1935 Praeterea
938 1873 1066 1951 logicam
1077 1881 1108 1931 et
1120 1873 1318 1952 syllogismos,

223 1960 330 2040 quibus
346 1958 414 2018 Itali
428 1959 515 2017 unice
528 1960 698 2035 gauderent,
720 1979 784 2017 non
797 1958 952 2017 scientiam
968 1957 1021 2017 sed
1040 1958 1180 2017 scientiae
1198 1957 1321 2017 instru-

221 2053 364 2119 mentum,
387 2042 518 2123 adeoque
529 2042 652 2102 humilis
664 2042 778 2121 ingenii
792 2053 1000 2103 ornamentum
1014 2062 1076 2103 esse
1090 2042 1204 2104 docuit.
1246 2040 1320 2101 tri-

222 2129 356 2189 stotelem
371 2148 460 2203 vero,
483 2148 569 2207 quem
584 2126 755 2186 Barlaamus
772 2148 828 2206 per
844 2129 942 2187 omnia
955 2126 1010 2187 sibi
1027 2137 1162 2188 constare
1184 2126 1320 2187 affirma-

99 2224 103 2233 ’
220 2223 284 2290 ret,
305 2233 367 2272 non
385 2212 586 2292 semetipsum
602 2231 702 2271 secum
723 2214 902 2291 pugnavisse
922 2212 1062 2273 ostendit.
1106 2212 1235 2272 Cedente
1248 2214 1321 2273 Bar·

221 2301 332 2373 laamo,
354 2298 430 2356 alter
443 2294 471 2376 ²)
498 2295 609 2355 athleta
632 2297 764 2356 surrexit
792 2306 822 2356 et
846 2319 903 2379 pro
923 2297 1085 2357 Aristotele
1104 2298 1322 2379 propugnavit}

222 2382 274 2443 sed
291 2383 401 2441 frustra
416 2382 480 2461 ipse
495 2402 623 2461 quoque.
668 2381 815 2459 Gregorss
836 2384 937 2443 victor
945 2378 973 2466 ³)
991 2382 1179 2459 declaratus,
1199 2380 1322 2443 Princi-

222 2488 294 2549 pum
306 2465 512 2526 benevolentia
523 2487 557 2525 eo
574 2468 679 2527 merito
694 2468 839 2544 collecta,
859 2468 893 2526 in
906 2466 1068 2549 pristinum
1086 2468 1198 2547 gratiae
1216 2478 1246 2527 et
1261 2465 1321 2527 ho-

222 2550 306 2612 noris
327 2552 428 2611 locum
449 2551 606 2611 restitutus
630 2562 684 2613 est.
726 2552 914 2625 Barlaamus,
942 2552 1089 2612 maculam
1112 2552 1170 2612 sibi
1188 2552 1321 2613 inustam

223 2636 323 2697 delere
339 2636 457 2717 saepius
481 2645 620 2708 conatus,
641 2645 799 2718 postquam
821 2638 955 2697 omnium
976 2637 1190 2717 Byzantiorum
1210 2640 1321 2698 volun·

222 2730 298 2782 tates
310 2742 328 2780 a
342 2742 372 2781 se
389 2741 506 2781 aversas
519 2730 549 2780 et
560 2721 592 2779 in
608 2723 768 2800 Gregoram
781 2742 947 2804 propensas
963 2722 1184 2802 animadvertit,
1204 2725 1321 2805 recepit

223 2826 255 2867 se
269 2806 307 2867 ad
320 2805 603 2865 Thessalonicenses.

305 2891 351 2949 Ita
365 2892 508 2969 Gregoras
527 2890 565 2951 ad
578 2890 708 2970 primum
722 2890 802 2951 vitae
815 2891 1005 2970 institutum,
1026 2892 1086 2951 hoc
1100 2901 1145 2952 est
1162 2890 1201 2953 ad
1214 2892 1321 2974 publi-

224 2995 290 3035 cam
312 2974 438 3035 docendi
461 2975 676 3056 professionem
696 2975 795 3038 rediit.
837 2976 880 3036 Eo
902 2987 999 3037 autem
1025 2997 1147 3038 munera
1171 2978 1320 3059 plurimos

224 3059 358 3121 omniurn
371 3060 518 3138 gentium,
540 3060 696 3137 ordinum,
720 3060 943 3139 conditionum,
964 3061 1100 3122 homines
1115 3062 1276 3123 obstrictos
1290 3073 1322 3125 et

180 3146 183 3151 '
223 3144 306 3223 quasi
322 3145 504 3227 mancipatos
517 3144 637 3223 habuit;
659 3155 695 3205 ut
708 3155 738 3205 et
749 3156 887 3225 parentes
901 3156 932 3207 at
943 3147 1048 3225 liberi,
1070 3158 1100 3209 et
1113 3157 1194 3209 totae
1206 3148 1320 3211 civium

223 3229 369 3310 familiae,
395 3230 538 3290 maximas
562 3232 589 3289 ei
612 3231 721 3311 gratias
739 3230 904 3309 heberent,
924 3233 1008 3293 velut
1034 3233 1115 3315 patri
1137 3243 1167 3293 et
1188 3235 1227 3294 ad
1246 3235 1321 3315 pul-

154 3354 157 3361 .
223 3313 368 3373 cherrima
380 3335 511 3396 quaeque
524 3314 679 3396 praeeunti
693 3317 860 3377 studiorum
877 3318 1066 3379 moderatori.
1106 3318 1194 3378 Unde
1213 3328 1321 3379 etno-

222 3414 290 3457 men
306 3398 363 3457 sibi
376 3399 462 3475 lecit,
483 3409 547 3460 toto
560 3402 621 3461 lere
636 3400 707 3462 orbe
722 3412 828 3463 notum
846 3404 1093 3479 nordebertum,
1116 3414 1146 3463 et
1157 3424 1212 3484 per
1228 3414 1320 3463 anto-

217 3483 386 3543 nomasiam
406 3482 605 3566 Philosophus
621 3482 650 3563 4)
672 3486 761 3564 vulgo
783 3488 883 3547 dictus
898 3497 960 3564 est,
982 3497 1018 3547 ut
1042 3485 1133 3549 hodia
1155 3490 1189 3549 in
1208 3488 1321 3548 scholis

71 3556 75 3565 ’
147 3617 156 3639 ,
222 3568 404 3629 Aristoteles.
446 3570 546 3650 Neque
560 3591 630 3631 vero
643 3570 791 3633 imberbes
805 3572 902 3633 solum
917 3573 1119 3634 adolescentes
1132 3573 1166 3633 in
1182 3574 1244 3634 eius
1261 3574 1320 3636 do·

258 3752 805 3893 ¹>.?.?t't..¹t.ttttt.l'tt²¹“tt
817 3756 1320 3895 tmsttgtatttmttdtt

290 3889 421 3946 Nausiclis
433 3892 511 3946 filius.
579 3894 612 3963 d)
628 3894 669 3947 De
680 3910 712 3947 es
722 3892 834 3948 victoria
844 3894 939 3965 passim
981 3895 1079 3950 oriatur
1095 3896 1123 3950 in
1138 3896 1256 3951 Historia
1271 3896 1318 3951 lib.

291 3973 328 4011 ιι.
345 3978 368 4013 c.
394 3966 434 4019 10.
458 3962 589 4017 libratu.
607 3978 630 4015 o.
643 3961 668 4015 7.
698 3962 742 4015 lib.
758 3978 815 4018 xrx.
833 3980 856 4017 c·
872 3966 896 4019 t.
909 3980 931 4017 s.
994 3969 1045 4021 eto.
1123 3961 1155 4033 4)
1171 3964 1274 4035 Σοφὸν
1291 3972 1320 4021 et

291 4028 448 4098 φιλόσοφον
465 4036 492 4084 et
514 4026 686 4101 dospdvonos
697 4037 816 4086 vocatum
831 4029 921 4097 baisse,
937 4035 1049 4086 testabar
1062 4031 1212 4088 Philotbeus
1226 4035 1255 4089 in
1265 4036 1321 4090 Au·

291 4095 447 4164 tirrbetiois,
464 4098 521 4153 eod.
534 4116 590 4172 reg.
601 4100 676 4159 1996.
692 4100 737 4155 ns
752 4104 795 4159 to.
804 4119 873 4157 vera
890 4100 985 4173 passim
996 4119 1058 4157 vero
1071 4102 1128 4174 ips‘e
1137 4102 1320 4175 Philosophum

290 4170 378 4289 mg
389 4168 483 4291 logie
501 4168 572 4225 illst.
590 4168 635 4225 lib.
651 4186 715 4225 axv.
733 4188 792 4242 cap.
805 4171 853 4226 ult.
871 4178 900 4227 et
915 4170 1052 4243 epistolam
1062 4172 1189 4246 hampaut
1201 4172 1320 4231 raana-
