3017 4742
377 325 609 400 HISTORIAE
630 327 905 448 BYZAllTINAE
921 329 980 400 IX.
1000 331 1050 403 tl.
1157 319 1232 397 463

146 500 267 560 σασθαι
290 494 408 578 κλίνην,
441 488 538 579 νάρκη
564 490 761 574 πεδηθέντων
780 497 842 558 τιῦν
866 488 981 579 νεύρων
1003 518 1038 561 τε
1057 495 1109 559 καί
1133 491 1233 581 άρμο-
1273 509 1303 561 Δ.
1320 512 1351 562 c.

147 605 219 663 νιιῦν
243 595 304 680 ήδη
325 601 380 661 τοῦ
403 591 544 676 σώματος
549 642 560 674 ,
587 595 618 668 ές
637 592 693 677 τήν
716 596 875 681 εἰρημένην
894 598 1029 672 καθίσας
1051 593 1231 682 ἀπήλλαξεν.
1278 578 1345 698 Ῑὲἓὸ

147 697 214 787 (Ε.)
232 699 390 764 Ἐντεῦθεν
404 699 438 762 δέ
449 698 499 761 καί
520 693 592 780 ἡμῖν
607 697 750 781 ἐξεγένετο
766 695 874 786 ῥηίδιον
886 696 947 782 ήδη
963 697 1090 774 ξυνιέναι
1106 699 1164 783 τήν
1177 704 1233 765 τοῦ
1277 713 1344 770 1841

142 808 286 887 χρησμοῦ
299 798 401 880 λύσιν,
427 798 543 883 άδηλον
559 791 656 864 οῦσαν
671 797 708 864 sd
723 797 872 886 πρότερον
884 797 1008 866 ἅπασιν.
1035 799 1161 888 εὕρηται
1172 787 1395 909 ydplnfflff·

124 906 183 969 ῦέκ
196 909 308 969 πολλοῦ
319 906 428 986 βίβλος
441 909 484 990 τῷ
497 907 625 983 βασιλεῖ,
647 899 686 984 ἣν
699 897 715 966 ὅ
728 903 886 988 γεγραφώς
899 900 1012 987 άδηλος
1023 895 1062 987 ήν
1078 902 1113 970 sd
1127 901 1260 991 παρά-Β

144 1032 207 1070 παν
223 1001 388 1090 γράμματά
402 1030 434 1069 τε
453 1001 659 1088 αἰνιγματώδη
676 1007 725 1068 καὶ
738 1003 862 1090 άμυδρά
876 1031 943 1069 τινα
960 1005 1003 1095 δι’
1018 1001 1142 1073 εἰκόνων
1154 1033 1234 1092 γνω-

144 1111 280 1195 ρίσματα
304 1105 442 1194 γέρσῦσα
468 1113 530 1170 τῶν
548 1103 718 1188 μελλόντων
741 1105 786 1170 ciel
807 1104 985 1188 βασιλεύειν.
1017 1110 1049 1173 έν
1072 1099 1093 1196 ᾗ
1115 1108 1157 1173 τά
1175 1111 1232 1192 μέν

142 1217 202 1293 τῆς
216 1207 336 1293 γνάμης
351 1211 401 1272 καί
417 1211 566 1294 περινοίας
581 1215 636 1272 τοῦ
650 1205 790 1273 τοιοῦτον
801 1211 953 1291 βασιλέως
963 1212 1159 1297 γνωρίσματα
1178 1210 1232 1290 ξύν

142 1337 177 1376 τε
196 1311 298 1387 ἄλλοις
313 1314 362 1376 καί
375 1308 395 1394 ἡ
406 1317 462 1394 τῆς
477 1309 628 1387 άλάπεκος
643 1313 757 1376 ἐδείκνυ
773 1309 875 1378 sisois·
900 1319 957 1396 τῆς
973 1313 1007 1377 δέ
1020 1319 1170 1398 τελευτῆς,
1197 1317 1260 1381 ἔνθ

77 1491 79 1498 ⁴
98 1431 134 1483 10
146 1413 275 1502 τοιούτῳ
292 1415 408 1497 κειμένη
426 1411 509 1503 τύπῳ
528 1415 667 1500 καθέδρα
680 1410 803 1480 καὶδύο
824 1412 1034 1502 παριστάμενα
1052 1423 1232 1500 μελανειμο-

143 1524 259 1581 νοῦντα
273 1513 430 1600 μειράκια,
459 1514 718 1603 άπερικαλῦπταυς
729 1519 836 1600 ἔχοντα
849 1517 950 1602 πάντη
964 1517 1020 1594 τὰς
1030 1525 1118 1606 σφῶν
1132 1519 1234 1587 αῦτιῦν

140 1615 290 1704 κεφαλάς.
325 1618 361 1684 ad
379 1611 432 1684 οῦν
453 1625 675 1702 μιλανειμονιΐν
695 1622 746 1684 καί
768 1620 804 1686 ad
825 1620 963 1697 άσκεπεΐς
977 1618 1115 1686 εἶναικαὶ
1128 1622 1165 1689 sd
1177 1620 1233 1690 δύο

139 1721 183 1785 τά
209 1717 351 1806 μειράκια
374 1728 506 1808 φανῆναι
520 1720 629 1805 ἐδήλου
644 1729 689 1810 τῷ
704 1729 830 1804 βασιλεῦ
843 1723 879 1788 τὸ
898 1730 955 1788 τοῦ
972 1723 1104 1806 μέλανος
1122 1723 1236 1812 ῥάκους

138 1821 262 1906 ἔνδυμα
281 1825 331 1887 iul
355 1823 411 1907 τήν
434 1825 573 1912 στέρησιν
591 1831 647 1908 τῆς
666 1830 828 1910 βασιλικῆς
841 1822 1018 1912 καλύπτρας
1038 1829 1089 1891 καί
1108 1826 1166 1911 τήν
1188 1829 1237 1891 ἐπὶ

93 1941 129 1996 15
139 1923 269 2001 τούτοις
282 1928 402 1992 διετίαν.
424 1923 480 1992 δύο
495 1927 554 2012 γάρ
567 1925 619 2012 έτη
634 1929 775 2012 συνέζησε
786 1940 850 2004 τοῖς
863 1927 1013 2004 τοιούτοις
1023 1925 1154 2014 ῥάκεσιν.
1181 1932 1263 1995 stall)

137 2025 236 2110 οἶμαί
246 2054 278 2114 γε
292 2029 336 2112 μὴ
353 2024 569 2115 διαμαρτάνειν
586 2031 637 2112 έμέ
652 2037 709 2114 τῆς
722 2028 937 2116 προσηκούσης
949 2020 1079 2113 λύσεως,
1106 2037 1235 2098 τοιαῦτα

136 2132 213 2217 περὶ
237 2137 291 2195 τοῦ
318 2139 460 2215 χρησμοῦ
486 2127 642 2209 διεξιόντα.
702 2130 769 2220 (ς’.)
789 2132 869 2216 Ἅμα
891 2133 924 2198 δ’
947 2131 1023 2222 ήλίρι
1045 2133 1100 2200 τδν
1120 2135 1234 2202 ἐκείνου

134 2231 252 2318 νεκράν
270 2235 301 2308 ές
320 2234 377 2316 τήν
390 2233 489 2317 μονήν
504 2240 560 2299 τοῦ
571 2233 679 2318 Aufida
697 2235 927 2321 έπικεκλημένην
944 2233 1131 2322 ἀπήνεγκαν,
1158 2234 1232 2324 ήνή

127 2333 246 2422 μήτηρ
263 2335 357 2400 αὐτοῦ
375 2333 522 2423 Θεοδάρα
537 2334 556 2422 ἦ
570 2338 713 2402 δέσποινα
734 2337 926 2406 ἀνεκαίνισεν.
960 2339 1039 2406 ένθα
1061 2340 1100 2426 δή
1124 2343 1176 2406 καὶ
1193 2339 1232 2408 sd

81 2451 121 2506 20
130 2440 259 2514 πένθος
273 2437 343 2504 κατ’
362 2436 436 2516 ilina
448 2440 497 2505 ἐπί
515 2440 600 2506 έννέα
607 2436 731 2528 ήμέρας
746 2442 925 2510 τετέλεσται.

207 2602 237 2657 1.
260 2596 365 2670 νεύρων
379 2619 410 2656 τε
425 2601 472 2658 καί
488 2602 546 2656 add
563 2605 595 2658 Α.
669 2605 695 2658 2.
711 2597 767 2675 ἤδη
783 2620 832 2660 om.
848 2606 881 2660 Δ.
948 2606 975 2665 5.
998 2597 1231 2678 vir-zaetas·

204 2669 272 2723 add.
288 2673 320 2723 A.
388 2675 430 2727 10.
448 2674 652 2741 μελανεμοῦντα
667 2673 710 2726 W.

124 2815 247 2880 posset,
263 2808 349 2861 nervis
361 2811 388 2861 et
401 2810 564 2880 compagibus
582 2810 696 2880 corporis
715 2809 765 2864 iam
782 2809 1035 2878 obtorpesouatibus‚
1054 2809 1084 2863 in
1104 2826 1136 2864 eo
1155 2827 1230 2880 qnam

125 2879 250 2932 diximus
262 2877 382 2930 decessit.
417 2880 478 2948 (V.)
496 2881 581 2934 Exeo
595 2897 640 2932 nos
654 2896 755 2950 qnoque
771 2879 912 2942 annulum,
928 2879 1001 2948 prius
1012 2879 1126 2932 omnibus
1137 2880 1231 2934 obscu-

123 2965 209 3011 rum,
236 2945 315 2999 facile
335 2947 510 3002 intelleximus.
544 2949 624 3002 Multo
644 2949 710 3002 enim
730 2956 806 3001 antea
825 2955 958 3016 repererat
970 2947 1111 3017 Imperator
1129 2948 1230 3014 librum,

124 3017 211 3070 cuius
225 3021 318 3066 auctor
329 3015 426 3068 omnim
439 3025 494 3070 erat
506 3018 628 3070 incertus.
657 3018 687 3069 ln
699 3033 749 3086 quo
762 3014 891 3086 perplexis
902 3013 996 3069 littoris
1006 3025 1033 3069 et
1044 3017 1159 3071 obscuris
1166 3017 1230 3070 ima·

125 3084 244 3154 ginibus
259 3082 353 3136 indicia
367 3086 560 3138 continebantur
576 3103 660 3138 eorum
673 3085 794 3148 omnium,
812 3083 856 3153 qui
874 3099 984 3166 unquam
995 3083 1100 3155 impeaio
1122 3084 1233 3156 potituri

123 3161 234 3208 essent.
267 3151 364 3203 Ibidem
377 3159 460 3205 autem
474 3154 548 3206 animi
562 3163 588 3206 et
602 3153 752 3223 prudentiae
766 3154 865 3222 signum
879 3153 937 3204 lamo
951 3153 1115 3222 Imperatori,
1128 3161 1234 3224 praeter

122 3230 261 3283 caetera,
279 3219 405 3279 attributa
425 3229 482 3276 erat
498 3224 603 3292 sulpea3
621 3224 715 3276 obitum
726 3240 788 3275 vero
803 3221 973 3290 designabant
983 3221 1029 3274 tali
1039 3221 1067 3275 in
1081 3222 1136 3275 loco
1148 3223 1233 3293 posits

121 3291 195 3342 sella
209 3297 241 3341 et
254 3289 306 3340 duo
321 3289 395 3357 nigro
408 3291 503 3344 uestitu
520 3299 631 3344 astantes
650 3289 844 3353 adolescentuli,
862 3289 958 3360 apertis
977 3291 1076 3344 omuino
1096 3308 1125 3343 os
1144 3291 1231 3349 itibus.

120 3359 221 3441 Niger
234 3365 319 3410 autem
335 3358 442 3412 vestitus
456 3368 484 3413 et
497 3366 587 3430 aperto
600 3361 685 3430 capita
704 3367 730 3413 et
744 3359 796 3413 duo
810 3365 909 3411 tantum
927 3357 1106 3413 adolescentuli
1153 3378 1232 3430 pers·
1255 3367 1260 3379 '

120 3433 182 3479 tora
199 3427 501 3482 monasticnmoucullum
511 3429 691 3498 significarunt
704 3435 732 3481 et
741 3427 901 3496 Imperatorii
914 3427 1062 3481 diadematis
1074 3429 1232 3486 amissionem

123 3500 157 3546 et
171 3495 309 3547 biennium
321 3511 354 3548 ex
366 3513 396 3548 eo
409 3499 608 3568 transigendum.
643 3499 673 3551 In
688 3515 718 3552 eo
730 3499 795 3552 enim
810 3497 898 3549 babitu
910 3513 987 3549 annos
999 3499 1065 3551 duos
1084 3499 1185 3568 exegit3
1202 3505 1232 3553 et

120 3564 155 3616 in
170 3565 227 3614 hac
244 3563 338 3616 oraculi
348 3563 519 3635 explicatione
537 3585 576 3622 nas
595 3585 644 3622 non
659 3566 712 3622 salli
724 3567 841 3620 arbituor.
875 3565 948 3634 (Vl.)
965 3566 1027 3619 Sole
1041 3571 1098 3620 orto
1119 3568 1232 3622 cadavea

120 3632 189 3685 eius
211 3629 243 3681 in
256 3629 328 3682 Libia
345 3635 523 3690 monasterium
544 3643 584 3692 est
602 3638 741 3708 perlatum,
765 3635 833 3706 quod
847 3643 928 3688 mater
945 3633 999 3689 eius
1016 3635 1125 3689 Domina
1141 3635 1230 3688 Theo-

116 3701 196 3773 dprs
221 3709 366 3820 ηαγοιαιηε.
411 3705 465 3760 Ubi
487 3707 522 3762 ds
541 3723 610 3762 mora
632 3705 754 3776 exequiae
775 3704 830 3759 eius
855 3721 903 3776 per
925 3721 1015 3760 novem
1037 3705 1094 3759 dies
1114 3703 1231 3758 salebra·

115 3778 171 3824 tae
190 3783 270 3823 sun.
1223 3780 1230 3792 “
