3017 4742
374 334 610 407 ursaonae
627 335 906 407 annonas
926 339 982 408 vn
1010 350 1042 416 ι,
1168 335 1242 412 ras
1324 317 1329 324 “

148 505 285 596 άναιδείρ
299 501 581 589 συντεθραμμένος,
594 500 625 568 οἱ
634 501 693 584 μέν
705 498 831 589 θρόνων
846 501 984 590 έρῶντες,
1000 510 1128 591 πρᾶγμα
1141 509 1245 598 πολλῷ
1287 517 1315 570 Δ.
1331 521 1359 572 c.

145 609 201 694 τήν
217 606 307 686 τάξιν
324 605 427 672 αὐτῶν
446 600 649 693 δπερβαῒνον,
672 604 703 672 οῗ
716 607 751 671 δὲ
762 603 940 692 χρημάτων,
957 605 987 672 οἱ
1004 607 1038 672 δὲ
1056 605 1148 693 δόξης
1161 617 1247 695 κενής
1291 588 1359 708 ¹33²

146 715 197 778 καὶ
211 717 323 794 τιμῶν,
341 704 496 795 οἶαιπαροὶ
514 707 569 776 τόν
581 709 652 792 βίον
668 714 843 774 πλανῶνται
857 711 1033 786 πολυειδεῖς.
1061 709 1133 776 ἀλλ’
1149 713 1243 781 έκεῖνο
1290 724 1357 779 1328

144 821 261 901 μικροῦ
273 840 312 898 με
325 811 521 899 παρέδραμεν
525 861 538 893 ,
567 808 585 878 δ
601 813 872 898 προδιαληφθήναι
882 811 993 899 χρεῶν,
1016 813 1069 880 ἵνα
1082 814 1162 881 καθ’
1180 793 1406 915 rip-fflggffist

122 919 210 1003 6pdr
223 914 311 1002 λόγος
317 916 430 1001 βαδίζῃ
439 917 490 979 καὶ
497 913 542 1000 μή
556 911 757 999 διακόπτηται
771 914 826 1000 τήν
839 917 992 1000 συνέχειαν
1001 916 1240 1005 δηεξήςτιροὶλόν.
1258 951 1288 1004 μ,
1297 955 1325 1006 ρ,
1340 951 1407 1008 1235

147 1023 213 1088 duel
233 1021 292 1106 γάρ
313 1018 449 1106 Ἰωσήφ,
476 1014 519 1094 ῶς
541 1015 722 1104 εἰρήκειμεν,
750 1018 783 1084 ἓν
812 1025 925 1106 βραχεῖ
944 1019 998 1086 τόν
1025 1023 1276 1110 πατριαρχικδνῦ

146 1121 266 1212 θρόνον
283 1122 442 1188 ἀπολιπὼν
461 1119 571 1208 μικρόν
586 1119 715 1207 ὕστερον
731 1123 783 1186 καὶ
804 1129 859 1188 τοῦ
878 1124 950 1206 βίου
963 1123 1112 1210 μετέστη,
1141 1125 1178 1192 οὗ
1195 1129 1243 1192 δέ·

148 1253 237 1293 καιον
254 1227 357 1303 ἔδοξεν
373 1224 444 1290 odd?
458 1221 565 1312 πόρρω
579 1225 697 1309 διαίτης
712 1219 944 1311 ήμαρτημίνης,
972 1225 1043 1310 ἄνευ
1058 1229 1200 1312 ποιμένος
1213 1231 1244 1298 δν

141 1328 236 1396 ὀὕτω
255 1327 426 1414 συγχόσεως
442 1328 563 1412 γέμοντι
577 1324 679 1415 χρόνῳ
694 1326 753 1412 τήν
768 1329 928 1414 ἐκκλησίαν
945 1327 1107 1417 τυγχάνειν.
1142 1325 1246 1418 καλήν

110 1445 145 1501 10
154 1440 321 1518 τηνικαῦτα
338 1431 414 1516 άνήρ
435 1432 468 1496 έν
482 1427 584 1516 λόγοις
600 1432 748 1515 ἐπίσημος
769 1437 813 1522 τῷ
827 1438 976 1522 βασιλικῷ
1000 1435 1247 1520 σογιιατειλεγμί·

148 1563 204 1613 νος
218 1534 320 1624 κλήρῳ
339 1539 371 1600 Γ
368 1532 491 1620 ειόργιος
508 1531 524 1600 ό
539 1535 571 1598 ἔκ
584 1529 729 1621 Κάπρου,
747 1531 783 1610 δς
797 1535 850 1600 τὸν
867 1536 899 1602 έν
914 1547 984 1612 ταῖς
996 1547 1131 1624 γραηαῖς
1143 1539 1246 1624 εὐγενῆ

147 1648 206 1726 τῆς
216 1637 366 1714 Ἑλλάδος
382 1635 504 1724 ῥυθμόν
518 1639 568 1701 καὶ
583 1636 640 1722 τήν
650 1637 875 1717 Ἀττικίζουσαν
888 1645 1031 1724 γλῶσσαν
1045 1641 1167 1724 ἐκείνην,
1184 1637 1279 1717 nri-1>
1323 1685 1327 1692 -

70 1759 72 1763 '
150 1749 203 1808 λαι
217 1743 315 1808 πολδν
331 1739 392 1824 ήδη
402 1738 513 1826 χρόνον
529 1737 631 1825 λήθης
646 1740 798 1827 κραβέντα
811 1747 944 1824 βυθοῖς,
971 1739 1092 1828 φάσεως
1114 1739 1250 1827 δεξιότη-

151 1871 185 1911 τι
204 1847 254 1909 καὶ
269 1846 430 1934 ηιλοπονίρ
446 1844 611 1933 τελεωτέρα
628 1844 707 1928 πρὸς
729 1849 797 1930 φῶς
813 1842 906 1930 ήγαγε
922 1845 972 1909 καὶ
989 1843 1083 1909 οἱονεί
1094 1869 1161 1911 τινα
1178 1845 1250 1928 ἐχα-

106 1959 144 2015 15
152 1952 264 2037 ρίοατο
278 1947 452 2030 ῶναβάοσιν.
479 1953 591 2013 τοῦτον
608 1947 770 2032 ίμελέτησί
782 1973 814 2014 τε
829 1950 879 2012 καί
893 1945 1131 2035 προότεθόμητο
1147 1949 1178 2024 ἐς
1195 1945 1249 2014 τδν

147 2050 370 2138 πατριαρχικδν
386 2049 546 2136 ἀναγαγεῖν
561 2047 681 2138 θρόνον
696 2046 887 2134 δβασιλεδς,
915 2049 983 2138 άρτι
1000 2054 1051 2116 καὶ
1066 2050 1103 2117 ad
1118 2077 1249 2136 μοναχι-

145 2155 205 2222 ’κδν
229 2151 439 2236 ἅλλαξάμενον
463 2161 584 2238 σχῆμα·
610 2151 690 2238 πλήν
711 2154 766 2238 οὐχ
790 2150 848 2220 ὕπ’
875 2153 1000 2232 οὐδενός
1018 2160 1082 2220 τῶν
1103 2151 1248 2221 ἁπάντων

146 2257 293 2338 έβοόλετο
316 2257 373 2341 τήν
399 2257 595 2345 χειροθεσίαν
617 2256 712 2322 αότδν
737 2257 883 2342 εἰληχέναι
889 2306 901 2338 ,
927 2254 1034 2325 ὁπόσοι
1052 2264 1092 2346 τῇ
1115 2265 1171 2324 τοῦ
1192 2254 1281 2328 ‹tl-u

145 2387 268 2448 γματος
284 2362 467 2452 καινοτομίᾳ
480 2357 747 2442 κεκοινωνήκεσαν,
777 2359 848 2426 ἀλλ’
866 2358 901 2436 ὃς
917 2358 1121 2446 ἀκοινώνητον
1138 2359 1249 2426 ἔαυτόν

102 2462 376 2550 ωσυνετήρησεν·
405 2459 447 2539 ῶς
468 2458 647 2528 κινδανεόειν
666 2464 807 2528 ἐντεῦθεν
824 2460 988 2549 βραδύνειν
1009 2464 1048 2530 τά
1071 2470 1128 2549 τῆς
1150 2488 1250 2530 σπου-

125 2573 221 2653 -δῇς,
255 2564 436 2653 προεβλήθη
456 2566 561 2650 μέντοι
583 2565 670 2654 παρὰ
690 2571 749 2631 τοῦ
768 2566 918 2648 βασιλέως
940 2566 1019 2650 μετὰ
1039 2566 1098 2644 τδς
1118 2565 1247 2654 ψήφους
1266 2552 1346 2636 md

149 2673 209 2735 καλ
225 2671 397 2756 μαρτυρίας
412 2669 468 2746 τάς
486 2666 670 2756 ὀφειλούσας
692 2671 744 2734 καὶ
761 2668 817 2752 τήν
838 2668 1038 2753 ποιμαντικήν
1061 2667 1178 2754 ῥάβδον
1200 2671 1251 2732 lut

148 2779 215 2839 τοῦ
235 2777 396 2854 βασιλικοῦ
417 2769 559 2857 βήματος
580 2771 666 2857 παρὰ
687 2778 743 2856 τῆς
768 2777 824 2838 τοῦ
844 2771 996 2855 βασιλέως
1018 2767 1133 2856 είλήφει
1149 2768 1252 2854 χειρός

147 2875 236 2942 κατά
257 2875 294 2942 τδ
318 2872 414 2941 πάλαι
434 2881 593 2961 κρατῆσαν
608 2873 692 2952 ἔθος.
735 2877 786 2939 ναὶ
811 2865 850 2962 ήν
871 2876 1030 2960 διενεργῶν
1056 2873 1109 2940 καί
1130 2874 1252 2939 διοικῶν

147 3105 208 3158 que
220 3091 358 3158 expertes3
375 3085 420 3139 alii
431 3084 529 3139 sedium
542 3086 723 3156 episcopalium
735 3083 833 3156 cupidi,
852 3101 919 3156 quaa
930 3101 973 3138 res
985 3081 1154 3140 conditionem
1166 3101 1254 3142 eorum

145 3159 232 3240 longe
249 3158 406 3228 superabat3
421 3156 465 3209 alii
481 3156 621 3226 pecuniae;
640 3155 685 3209 alii
697 3155 781 3209 naci·
794 3153 890 3224 gloriae
907 3159 935 3208 et
945 3154 1019 3208 huius
1032 3155 1117 3208 nundi
1131 3156 1255 3212 honorum

144 3243 283 3281 vanorum
305 3225 513 3295 instabiliuruque
528 3234 687 3297 appetentes.
721 3224 775 3278 Sed
795 3241 876 3293 paene
895 3241 935 3278 me
952 3223 1013 3278 illud
1030 3223 1164 3294 praeteriit
1175 3225 1254 3296 quod,

145 3304 183 3350 ut
207 3296 300 3348 ordine
320 3293 446 3364 procedat
462 3293 544 3348 oratio
564 3304 592 3348 et
612 3311 644 3348 ue
662 3293 744 3348 series
761 3291 914 3346 narrationis
932 3299 1024 3376 postes
1043 3295 1254 3364 interrumpatur,

146 3373 262 3434 oportet
276 3365 384 3432 primum
400 3363 530 3432 explicari.
565 3364 633 3417 Nam
645 3380 703 3417 curu
717 3363 856 3436 insopitus,
872 3370 902 3415 ut
914 3361 1038 3428 diximus,
1055 3370 1152 3417 mature
1167 3363 1254 3416 sedern

149 3433 355 3502 patriarchalem
372 3431 535 3502 reliquisset,
556 3449 588 3485 ao
611 3433 688 3500 paulo
709 3439 769 3502 post
785 3431 839 3485 sita
858 3431 935 3484 etiam
955 3431 1122 3498 excuderet,
1144 3450 1192 3486 nea
1212 3435 1255 3485 iu-

149 3511 229 3554 eturu
240 3518 295 3553 esce
311 3518 360 3564 neo
371 3501 448 3570 louge
463 3518 479 3553 a
493 3517 575 3569 prava
586 3499 722 3570 disciplina
736 3502 827 3554 abone
836 3501 918 3553 visum
930 3507 984 3565 est,
1000 3501 1142 3555 Ecclesiam
1154 3503 1181 3554 in
1194 3507 1254 3554 tan-

147 3577 186 3623 ta
201 3576 340 3636 tenporun
360 3570 506 3623 confusione
528 3575 631 3638 pastore
651 3570 767 3624 destitui.
801 3569 868 3623 Erat
879 3576 963 3622 autern
976 3578 1038 3624 tunc
1049 3571 1145 3640 insigni
1158 3571 1199 3624 vir
1212 3571 1254 3622 ia-

145 3638 255 3693 cundia
268 3654 301 3690 ex
318 3637 476 3706 Imperatorii
487 3638 552 3692 oleri
565 3638 672 3708 collegio
684 3639 813 3707 Georgius
826 3638 955 3708 Cyprius,
973 3639 1017 3708 qui
1027 3639 1155 3708 elegantes
1167 3641 1254 3691 Grae-

144 3726 208 3762 cae
220 3708 383 3760 litteraturae
394 3704 512 3761 nurneroa
526 3715 554 3764 et
568 3708 679 3762 Atticam
689 3707 890 3778 illarulinguan,
908 3709 983 3778 longo
996 3707 1046 3762 ian
1059 3717 1175 3778 ternpore
1188 3705 1255 3758 obli·

142 3777 245 3834 vionis
262 3776 369 3859 gurgite
389 3778 545 3842 demersam,
560 3778 658 3846 ingenii
676 3777 831 3830 dexteritate
852 3793 883 3830 ec
895 3777 1020 3846 singulari
1035 3778 1119 3830 studio
1130 3779 1158 3828 in
1173 3775 1254 3827 luceru

142 3847 299 3922 produnt,
316 3863 348 3897 ac
360 3848 430 3899 relus
441 3847 475 3898 ab
488 3846 578 3900 inferis
591 3845 731 3900 revocavit.
765 3846 856 3909 Hunc,
873 3863 928 3900 cun
940 3847 1041 3900 nonita
1055 3845 1154 3915 pridem
1168 3855 1255 3893 none-

142 3918 250 3972 stieum
275 3913 391 3968 habitan
410 3914 552 3978 induisset,
568 3915 595 3969 iu
612 3915 693 3968 anino
708 3915 819 3968 habebat
833 3923 860 3970 et
873 3916 996 3968 studebat
1006 3914 1148 3982 Imperator
1163 3907 1196 3960 ad
1211 3926 1259 3977 pa-

142 3983 325 4040 triarchicum
341 3985 432 4037 solium
454 3985 580 4036 eveham:
597 4001 615 4036 a
631 3983 730 4038 nemine
742 3992 827 4040 tanen
840 4002 927 4038 eorum
939 3983 983 4054 qui
996 3981 1136 4053 participes
1146 3977 1257 4034 fuissent

145 4054 319 4123 dogmaticae
339 4052 482 4117 novitatis,
499 4053 546 4104 ssd
565 4052 598 4105 ab
616 4051 700 4122 aliquo
714 4053 759 4124 qui
777 4069 869 4125 purum
882 4071 911 4108 se
925 4054 957 4108 ab
969 4051 1068 4104 illorum
1082 4047 1257 4102 conmunione

145 4129 304 4188 serumst,
321 4139 410 4177 mauras
430 4121 501 4176 eiirn
536 4121 562 4175 ui
577 4121 695 4176 volebat:
711 4131 742 4176 ut
758 4122 898 4194 periculum
910 4127 980 4175 esset
992 4137 1024 4172 ne
1036 4121 1081 4170 res
1092 4115 1190 4198 diutius
1205 4117 1257 4170 dif-

146 4195 280 4248 ferretur.
313 4193 366 4246 Est
385 4200 469 4245 tamen
488 4209 503 4246 a
535 4191 693 4262 Imperatore
706 4199 764 4260 post
776 4191 864 4245 debita
875 4181 1001 4257 solitudo
1013 4191 1041 4239 et
1052 4186 1197 4240 testnnonia
1210 4187 1257 4240 de·

144 4262 293 4328 signatura
311 4270 338 4315 et
357 4261 486 4331 pastorale
507 4261 600 4331 pedon
613 4260 647 4314 iu
659 4259 825 4328 Imperatorio
839 4267 964 4328 suggestu
975 4271 1045 4309 ruore
1057 4255 1139 4307 veteri
1151 4257 1183 4308 ab
1197 4255 1256 4326 ipso

144 4327 285 4401 Principe
299 4336 448 4403 porrectura
463 4329 575 4403 accepit.
610 4329 728 4399 Ειττηαε
746 4344 782 4383 ex
798 4345 830 4384 eo
850 4333 990 4397 occupatus
1011 4324 1040 4378 iu
1053 4323 1259 4380 sdninnnandis
