3017 4742
247 307 270 356 s
669 289 728 361 10.
748 289 915 363 uotvtnt

247 475 376 540 quoram
393 454 446 516 ille
458 453 513 516 rix
525 471 618 517 mam
639 449 744 512 latim
763 469 883 514 versum
903 451 1062 534 proximus
1080 451 1173 513 morti
1186 453 1342 534 relegerat,

244 559 280 620 in
346 559 522 620 retatiouem
549 557 694 636 integram
721 563 793 636 post
817 555 932 615 obitum
961 555 1025 616 eius
1042 563 1196 636 utcunque
1217 557 1342 619 sbsolri.

245 661 329 724 Bello
344 663 464 723 demum
475 660 571 720 aunei
586 679 642 740 per
660 636 833 718 liniversam
848 657 998 738 Europam
1011 656 1160 718 saeviente
1173 657 1342 742 interrupta

243 764 328 848 pacis
349 783 449 846 opera.
488 761 593 841 Itaque
611 769 642 822 et
664 759 815 838 Gregorae
837 759 934 820 nostri
956 758 1047 820 editio
1068 756 1102 818 in
1122 760 1205 822 alind
1222 771 1342 843 tempus

242 867 352 929 dilata:
372 866 423 928 cui
436 864 544 928 deiude
556 883 640 924 mors
654 863 711 923 alie
725 861 924 923 funestissima
939 860 1057 954 accidit,
1068 861 1250 924 hiarchionis
1266 867 1341 926 Tar..

240 989 324 1030 naara
336 969 476 1030 Lovossu
490 987 571 1028 mora
582 965 753 1046 repentina3
776 985 852 1046 quae
866 965 1033 1048 prsecluras
1044 964 1111 1029 illas
1125 966 1340 1048 cogitationum

239 1091 375 1133 mearum
392 1090 459 1152 spes
471 1069 593 1130 omnino
611 1067 673 1130 fere
686 1068 806 1130 evertie

325 1175 482 1234 Cseternm
495 1193 534 1234 ex
549 1173 589 1232 iis
601 1172 674 1253 ipsis
689 1170 818 1253 publicis
832 1170 1018 1252 privatisque
1034 1169 1253 1232 culsmltstibus
1272 1175 1339 1234 iru-

240 1284 325 1337 ctnm
343 1276 428 1337 hunc
440 1276 507 1357 copi
517 1320 527 1352 ,
549 1273 631 1355 quod
645 1269 722 1334 mihi
736 1293 792 1354 per
810 1272 913 1334 decem
934 1295 1028 1334 annos
1043 1293 1077 1334 ea
1099 1292 1175 1354 quae
1192 1273 1339 1354 scripsis-

239 1397 302 1439 sem
327 1379 476 1459 corrigere
496 1387 526 1438 et
547 1395 708 1450 occurere,
736 1393 774 1434 ac
802 1383 954 1456 praeterea
975 1373 1052 1434 alios
1072 1375 1219 1455 Gregorso
1244 1379 1339 1440 libros

238 1499 344 1542 maere
369 1478 538 1542 etenebria
566 1487 597 1538 et
619 1477 658 1539 ad
678 1477 748 1538 illos
772 1495 847 1558 quos
871 1475 1005 1559 primum
1030 1476 1199 1540 habuissem
1229 1481 1339 1542 addere

237 1583 371 1644 vacavit.
412 1581 510 1643 Variis
533 1600 642 1661 nempe
664 1580 803 1640 codicum
820 1579 1094 1659 manuscriptorum
1111 1583 1251 1662 catalogis
1263 1603 1337 1665 per-

236 1683 323 1745 lectis
344 1684 496 1761 intellexi,
521 1683 618 1744 editos
640 1683 733 1744 iiaisse
749 1679 947 1762 allieephoro
964 1683 1096 1762 Gregora
1115 1682 1256 1746 historiae
1273 1687 1338 1767 uy-

237 1787 376 1848 santinae
387 1785 481 1846 libros
492 1787 588 1845 multo
602 1785 721 1866 plures,
742 1805 834 1864 quam
848 1791 923 1863 quot
939 1784 1002 1844 sivo
1019 1785 1156 1866 impressi
1168 1787 1232 1848 sive
1246 1809 1337 1850 mann

236 1888 346 1970 scripti
358 1889 391 1947 in
406 1887 518 1968 pluteis
533 1885 632 1964 Regiis
645 1894 791 1946 extarent
833 1884 944 1944 Docuit
958 1904 1005 1946 me
1019 1885 1169 1966 labbeus,
1190 1891 1337 1972 repositos

234 1990 329 2052 lstere
338 1989 371 2049 in
380 1987 566 2048 Bibliotheca
575 1986 755 2048 Scoricleusi
768 1987 862 2048 hbroe
877 1988 941 2050 eins
957 1992 1088 2054 auctoris
1100 1992 1258 2053 historicos
1274 2011 1336 2052 nn-

235 2091 415 2172 detrigintae
436 2109 494 2150 nec
511 2088 607 2148 multo
623 2090 740 2170 portin
758 2089 890 2150 codicem
906 2093 1030 2171 Regium
1045 2094 1156 2170 incidi,
1179 2094 1230 2174 qui
1250 2095 1336 2174 vige-

235 2193 346 2254 simum
367 2201 506 2254 octavum
527 2200 558 2250 et
583 2191 761 2270 vigesimum
781 2212 895 2253 nouum
918 2193 1077 2257 historicos
1098 2195 1241 2274 habebat,
1264 2217 1334 2258 cuna

234 2307 366 2378 quotuor
376 2294 552 2376 dogmaticis
565 2296 754 2358 coniunctos.
796 2294 896 2356 Didici
912 2317 951 2356 ex
967 2299 1123 2380 Apparatu
1137 2320 1221 2360 sacro
1236 2300 1334 2360 Anto·

233 2398 278 2459 nii
298 2398 451 2459 Possevini
474 2407 504 2457 et
525 2417 564 2456 ex
585 2398 679 2458 veteri
700 2397 834 2477 catologo
850 2399 921 2476 Ma,
944 2403 1090 2462 asservari
1102 2403 1134 2462 in
1148 2402 1332 2464 Bibliotheca

234 2500 379 2560 Vaticana
402 2499 561 2559 historiam
589 2500 722 2560 eiusdem
747 2501 896 2578 Gangorae
922 2501 1179 2577 Ecclesiasticam,
1208 2513 1237 2564 et
1258 2507 1332 2566 Aeta

234 2603 372 2679 concilii,
393 2623 447 2664 sen
461 2603 508 2685 (nt
521 2601 633 2662 ibidem
646 2600 786 2687 vocatur)
799 2607 1047 2669 ΛΗΣΤΡΙΚΗΣ
1059 2610 1273 2682 tritonum
1296 2629 1332 2668 ac

231 2706 434 2767 nesrationesn
445 2705 665 2787 persecutionis
676 2707 709 2765 in
724 2703 918 2767 orthodoxos
932 2718 1029 2770 motae
1043 2725 1060 2768 a
1073 2710 1233 2771 Palamitis.
1273 2711 1333 2772 De-

230 2825 316 2876 muns
329 2809 364 2870 R.
378 2808 410 2868 Ρ.
424 2809 460 2868 l).
474 2808 599 2868 loannes
616 2808 828 2884 hlabillonius,
850 2809 903 2888 qui
918 2819 1019 2870 nostra
1032 2809 1108 2872 haec
1125 2812 1223 2873 studia
1242 2813 1332 2872 adin-

229 2910 323 2972 vandi
337 2911 451 2970 nullam
465 2910 651 2972 occasionem
659 2913 880 2994 praetermittit,
902 2913 1135 2998 communicavit
1148 2933 1264 2974 mecum
1277 2914 1330 2974 in-

230 3013 329 3072 dicem
338 3022 514 3073 accuratum
524 3015 672 3076 librorum
681 3037 746 3080 xxs.
759 3018 793 3078 in
805 3037 867 3077 uno
879 3014 982 3076 codice
992 3013 1134 3075 Vaticano
1147 3017 1311 3076 extantium
1321 3039 1331 3095 ς

231 3135 361 3194 quorum
376 3115 490 3196 primus
503 3127 580 3177 esset
594 3117 734 3202 demipoo
746 3121 865 3202 βιβλίου
880 3113 966 3201 λόγος
981 3111 1004 3191 ἴ
1012 3163 1020 3193 ,
1045 3117 1153 3196 idest,
1175 3119 1331 3179 Secunda«

228 3221 339 3278 Portsb
351 3219 429 3278 liber
447 3223 597 3300 septimus
602 3265 614 3295 ,
641 3241 693 3281 sen
708 3222 803 3282 totius
815 3219 956 3281 historiae
970 3219 1103 3281 decimus
1119 3231 1244 3282 octavus
1249 3245 1259 3299 ;
1280 3223 1329 3282 ul·

228 3319 322 3380 simus
333 3339 406 3381 vero
417 3321 652 3401 inscriberetur,
671 3321 837 3407 Ῥωμαϊκῆς
852 3322 983 3405 ἱστορίας
996 3318 1052 3405 λη’,
1074 3343 1126 3384 eeu
1138 3327 1330 3404 Byzantium

229 3423 390 3482 moriae
401 3424 479 3486 liber
490 3445 629 3491 πωπω,

311 3527 538 3608 Peropportune
549 3538 649 3589 summ
660 3527 788 3606 accidit,
808 3535 846 3588 ut
858 3528 970 3588 llomse
984 3526 1085 3609 perid
1103 3535 1222 3608 tempus
1244 3547 1328 3588 com-

228 3630 457 3691 morareturvir
468 3630 655 3692 humanitate
674 3630 818 3710 singulari
839 3631 992 3712 praeditus
1014 3631 1039 3692 1.
1051 3629 1226 3708 Viventius,
1248 3634 1277 3691 S.
1291 3632 1327 3694 Τ.

227 3731 344 3794 uector
357 3732 551 3812 Pariaiensis,
569 3733 707 3813 idemque
729 3733 836 3794 Sucina
856 3732 1046 3798 sorbonicus.
1088 3731 1187 3794 Huius
1207 3753 1279 3795 cura
1297 3741 1328 3795 et

228 3817 363 3897 officiosa
375 3835 412 3896 ll.
423 3837 458 3900 P.
470 3838 506 3898 l).
518 3835 706 3918 stephanotii
720 3835 893 3912 sedulitate,
907 3836 1077 3918 sumptibus
1089 3845 1188 3895 autem
1203 3835 1249 3895 lll.
1262 3835 1328 3896 Ab·

226 3937 305 3998 batia
328 3941 463 4000 Caunus
482 3940 644 4019 Taunum,
675 3939 768 4000 libros
792 3959 901 4000 norem
921 3957 960 4000 ex
978 3938 1082 3998 codice
1108 3937 1251 3998 Vaticano
1275 3937 1327 3994 de·

227 4043 358 4122 scriptos
370 4053 401 4103 et
416 4044 510 4104 Roma
524 4042 563 4103 ad
574 4062 622 4102 me
639 4041 746 4102 allatos
761 4061 831 4102 cum
849 4041 937 4102 uvido
951 4040 1106 4120 legissem,
1129 4035 1328 4099 animadverti

229 4151 292 4205 eam
311 4144 406 4225 ipsam
421 4163 485 4206 esse
504 4144 659 4206 historiam
672 4143 913 4205 Ecclesiasticam
927 4189 936 4222 ,
958 4143 1044 4203 cuius
1062 4140 1173 4200 mentio
1189 4139 1267 4198 facta
1280 4157 1327 4196 es·

227 4257 272 4310 aet
285 4270 303 4308 s
315 4248 477 4312 Posserino
486 4248 520 4308 iu
534 4247 689 4332 Apparatu
702 4267 798 4310 sacro.
842 4247 882 4308 lii
896 4263 1004 4308 novem
1015 4242 1106 4322 libri,
1128 4241 1167 4302 ad
1187 4240 1326 4302 undecim
