3017 4742
353 309 588 405 fflsuomsn
606 307 885 382 nummulum
901 308 945 378 sc
966 319 997 383 ι.
1076 409 1083 416 q
1133 300 1209 380 ωε

130 469 431 556 summittimus
443 475 500 562 μίν
512 475 565 544 τόν
577 472 694 559 θυμόν,
717 483 784 551 τοῖς
797 471 832 540 δ’
847 471 1044 564 ῶμαρτήοαοι
1058 465 1096 545 νδ
1112 473 1207 564 σίνη-
1246 485 1280 543 ,a
1296 487 1327 538 u'.

128 586 178 658 θες
205 580 355 668 παρίσχες
384 574 670 669 φιλανθρῶπευμας
709 584 812 644 ταῦτα
839 579 888 642 ἐπὶ
913 589 1022 667 καιροῦ
1047 587 1104 647 νῦν
1130 581 1207 648 ῶνα,
1252 553 1320 674 ¹33

125 681 359 770 μιμνησκόμενος
373 685 505 768 μίμησαι
528 681 567 749 osi
590 679 723 761 σαυτόν,
756 681 810 746 ἵνα
830 683 883 746 καί
902 678 1005 765 ἡμεῖς,
1033 679 1076 760 ῶς
1096 685 1207 751 ἐπίπαν
1253 689 1321 748 1341

128 789 227 866 alueis,
253 785 326 870 ὅλην
346 792 385 874 τῇ
406 782 527 874 γλώττῃ
548 779 757 870 παρασχόντες
775 784 952 872 ἐλευθερίαν
970 786 1103 864 εῦπετῶς
1120 762 1372 886 nuquifflffi'*

102 890 179 964 ὁπός
191 889 245 965 σάς
260 895 322 968 τῶν
342 890 496 975 ἐγκωμίων
516 884 682 964 θαλάσσας
699 889 863 972 πελαγίζειν
886 887 1013 976 ἀφῶμεν
1031 890 1128 976 αὐτὴν
1149 891 1208 957 νῶιν

124 989 239 1058 πάντων
251 990 493 1078 ἀνθολογοῦντα
507 997 569 1058 τῶν
586 997 649 1058 σῶν
670 991 824 1075 ἐγκωμίων
839 991 879 1056 τά
893 990 1041 1078 κράτιστα
1056 979 1210 1081 στέφανόν

121 1119 167 1160 σοι
187 1077 417 1182 δημιοῦργῶμεν
440 1091 612 1182 ἀκήρατον,
641 1096 691 1157 καί
710 1089 776 1157 οίον
800 1092 830 1158 οἱ
850 1100 906 1176 τῆς
929 1099 1041 1183 σοφίας
1060 1104 1211 1184 κρατῆρες

121 1195 359 1282 ιἰναχωνεόοντες
376 1199 419 1274 είς
437 1196 575 1284 μακροῦς
596 1193 702 1281 ἡλίους
722 1194 969 1276 ἀθανατίζουσιν.
1006 1199 1063 1283 ἐγὼ
1087 1199 1121 1265 δ’
1145 1197 1239 1267 tntu

120 1298 203 1383 μάλα
220 1303 359 1388 σφοδροῦ
379 1326 410 1365 τε
426 1301 478 1366 καί
496 1299 660 1388 φλέγοντος
675 1294 780 1366 πόθον
800 1296 964 1382 νικῶμενος
982 1301 1206 1390 τολμηρότερον

80 1399 293 1490 λοίχρησάμην
309 1409 354 1492 τῷ
369 1400 459 1492 λόγῳ.
484 1403 522 1470 usi
539 1404 576 1468 δέ
584 1428 638 1486 μοι
654 1399 822 1490 σόγγνωθι,
843 1400 986 1470 θειότατε
1002 1403 1206 1494 αῦτοιιράτορ,

117 1513 156 1596 τῇ
173 1503 299 1590 συνήθει
316 1504 480 1572 κάνεαῦθα
495 1509 714 1598 φιλανθρωπία
735 1532 793 1573 σου
812 1503 1003 1593 χρῶμενος.”

193 1606 226 1689 ζ.
245 1601 345 1695 Ἦρος
367 1608 399 1675 δ’
420 1606 600 1686 ἐπιστάντος
623 1606 639 1676 ὃ
655 1611 712 1694 μὲν
733 1606 861 1696 Κράλης
877 1598 1060 1696 συνήθροιζε
1075 1609 1132 1686 τὰς
1149 1611 1206 1676 δυ·
1221 1625 1253 1680 P.
1266 1626 1320 1682 ³05

114 1708 240 1794 νόμας,
264 1708 280 1778 ὃ
296 1713 329 1777 δέ
341 1709 528 1800 Συργιάννης
541 1718 681 1800 λαθραῖα
695 1713 873 1795 διεπίμπετο
885 1709 1053 1799 γράμματα
1064 1737 1165 1779 ποντα
1175 1721 1205 1796 ,”
1217 1696 1253 1751 V·
1268 1695 1321 1752 ²4⁷

113 1822 173 1898 τῆς
190 1811 346 1898 Ῥωμαίων
366 1811 543 1901 ἡγεμονίας,
571 1812 741 1900 ἀρξάμενος
757 1817 792 1880 ἐν
812 1821 867 1898 τῆς
883 1811 999 1902 ὁμόρου
1018 1810 1126 1901 χώρας
1146 1822 1210 1882 τῶν

74 1927 106 1982 15
118 1922 302 2004 Τριβαλλῶν
324 1919 376 1984 καὶ
398 1917 554 2000 διαλαβὼν
573 1925 677 1986 πᾶσαν
697 1915 849 2005 παράλιον
875 1920 926 1982 sul
947 1914 1105 2002 μεσόγειον
1119 1915 1209 1986 πόλιν

112 2023 164 2086 ναί
176 2016 283 2106 χῶραν
297 2019 368 2108 ῶχρι
382 2023 570 2100 Βυζαντίου·
598 2021 630 2086 ἐν
645 2017 691 2097 οἷς
705 2028 761 2106 γῆς
773 2046 806 2087 τε
817 2016 990 2104 ῦπισχνεΐτο
1006 2023 1210 2109 κληροδοσίας

112 2125 164 2190 καί
177 2120 347 2208 χρημάτων
359 2120 490 2210 χάριτας
506 2125 557 2190 sul
571 2121 753 2207 ἀξιωμάτων
767 2119 915 2199 ἐπιδόσεις
928 2125 980 2188 καί
995 2121 1056 2191 ὅσα
1071 2125 1121 2190 ἐπί
1134 2120 1209 2191 τοῦ-

107 2251 178 2302 τοις
195 2224 296 2307 ὅμοια.
330 2226 425 2292 ταῦτ’
452 2225 514 2314 ι’ίρα
536 2229 589 2292 καί
604 2232 716 2315 μικροῦ
731 2222 844 2303 πάντες
858 2222 1035 2311 ἐκεχήνεσαν
1052 2228 1131 2314 πρὸς
1148 2227 1239 2297 usi-ll

105 2328 163 2395 τόν
177 2331 232 2394 καί
252 2339 327 2418 ταῖςΙ
337 2325 474 2416 γνῶμαις
488 2325 657 2418 ὁλοσχερῶς
670 2329 754 2421 αῦτρῦ
775 2332 993 2418 προσετίθεντο
1008 2333 1060 2396 secl
1070 2326 1211 2418 χρήμασι

68 2435 157 2504 tonui
174 2428 340 2518 γράμμασι
361 2432 419 2518 τὴν
441 2433 554 2498 ἐκείνου
574 2429 755 2518 κατήπειγον
772 2430 895 2522 ίφοδον.
948 2430 1017 2521 (Β.)
1038 2433 1077 2500 Ὅ
1094 2458 1127 2519 γε
1146 2433 1210 2519 μὴν

102 2535 257 2617 βασιλεῦς
272 2532 367 2600 πάλαι
389 2535 476 2612 siluis
491 2535 549 2620 τὴν
569 2541 626 2602 τοῦ
646 2533 760 2622 ἀνδρὸς
778 2537 932 2622 περίνοιαν
948 2538 1000 2602 καί
1013 2535 1072 2620 τὴν
1086 2538 1155 2621 περί
1169 2537 1210 2603 τὰ

101 2643 244 2705 τοιαῦτα
268 2632 418 2722 ὀξυτάτην
442 2637 598 2723 ἀγχίνοιαν
619 2635 743 2726 σφόδρα
766 2638 871 2705 ἐδεδίει
889 2640 962 2726 περί
981 2664 1014 2705 τε
1037 2636 1139 2728 ἐαυτῷ
1157 2641 1210 2704 ναί

102 2750 176 2818 τοῖς
193 2737 276 2817 ὅλοις
287 2741 338 2805 καί
352 2740 597 2829 δραστινωτίραν
608 2741 664 2826 τὴν
680 2740 776 2808 αὐτοῦ
791 2739 924 2826 ἐνόμιζεν
939 2741 1063 2829 ἔφοδον,
1090 2739 1209 2824 ἢΣιιυ-

101 2851 182 2912 θῶν
200 2845 251 2908 καί
266 2838 390 2910 πάντων
410 2840 507 2931 φάναι
528 2845 638 2913 ἐθνῶν.
673 2845 750 2934 πρός
762 2845 818 2926 μέν
837 2844 897 2934 γάρ
920 2844 978 2920 τὰς
992 2849 1056 2910 τῶν
1071 2841 1239 2933 άλλοφῦ-(ε

179 2975 225 3030 22
250 2969 363 3043 σφόδρα
379 2987 427 3028 cm.
445 2973 476 3028 Δ.

99 3076 199 3140 luisti,
218 3079 246 3130 et
257 3074 332 3128 solita
345 3075 476 3129 clementis
490 3074 523 3128 iis
534 3091 641 3145 poenam
651 3073 748 3130 meritis
765 3073 909 3146 ignusisffl
923 3073 999 3128 Haec
1011 3089 1080 3128 nunc
1097 3090 1145 3143 per
1163 3091 1209 3128 sc-

99 3149 242 3202 casiouem
254 3143 403 3198 recordatus
415 3144 471 3214 ipse
485 3153 512 3198 te
523 3145 632 3209 imitare,
649 3151 716 3200 utet
728 3162 775 3198 nos
788 3145 836 3212 (ue
846 3144 948 3214 lengum
958 3143 1075 3211 faciam),
1087 3143 1155 3197 omi
1167 3144 1210 3196 ‹li-

96 3215 186 3272 cendi
202 3214 323 3268 libertate
335 3213 438 3282 liuguae
449 3213 587 3296 permissa,
604 3213 706 3268 laudum
718 3223 821 3271 suumn
833 3213 941 3296 ρελεφιε
955 3213 1033 3266 lecile
1051 3211 1210 3267 εειοεεαὶλλι·

96 3303 180 3347 mus;
199 3290 228 3337 et
240 3301 273 3336 es
286 3282 401 3336 omnibus
407 3283 479 3336 bonis
493 3282 551 3348 tuis,
565 3283 791 3351 praestantissimis
802 3285 946 3353 quibusque
957 3281 1074 3346 delectis,
1090 3299 1210 3336 curunsm

95 3355 152 3410 tibi
161 3352 344 3407 concinnemus
351 3351 524 3416 immortalem,
535 3352 634 3422 qualem
645 3351 790 3422 sapientias
802 3358 917 3405 crsteres
927 3353 956 3405 in
967 3369 1040 3405 smne
1051 3368 1141 3406 sevum
1147 3368 1211 3406 cun·

92 3427 181 3478 flant.
217 3420 346 3491 Equidem
360 3421 505 3474 vehementi
526 3430 554 3474 et
568 3420 669 3474 ardenti
680 3421 807 3474 desiderio
826 3421 911 3474 victus
926 3420 1031 3475 liberius
1049 3420 1131 3474 verbs
1147 3421 1211 3476 reci.

93 3493 146 3546 Tu
163 3509 229 3545 vero
242 3490 303 3544 mibi
314 3487 415 3544 veniam
428 3490 504 3556 datu,
520 3489 677 3545 divinissime
688 3491 846 3562 imperatur,
862 3490 939 3544 sulita
951 3491 1027 3546 ctiam
1038 3489 1082 3544 bic
1093 3491 1212 3546 humani-

90 3567 160 3616 tate
174 3567 223 3612 tua
235 3559 322 3613 usus.”

177 3629 204 3682 7.
223 3628 299 3682 Veris
306 3626 386 3683 initio
399 3627 490 3682 Crales
501 3643 561 3682 suas
579 3626 668 3700 coplas
681 3626 776 3696 coegit
810 3626 970 3710 Syrgiauues
989 3644 1053 3682 veru
1072 3625 1213 3682 clandesti-

90 3713 152 3752 που
179 3695 284 3750 litteras
302 3713 348 3766 par
367 3716 440 3752 omne
461 3691 600 3752 &manum
621 3697 758 3770 Imperium
779 3695 890 3763 dimisit,
913 3714 931 3750 a
951 3697 1085 3768 provincia
1102 3695 1212 3749 finitima
1248 3709 1254 3738 ἰ

88 3763 238 3821 Triballis
253 3766 400 3835 auspicatus
415 3773 443 3820 et
455 3785 502 3837 per
514 3784 611 3821 emnem
624 3783 694 3820 uram
708 3766 859 3821 maritimam
873 3774 901 3820 et
911 3767 1111 3821 mediterraneus
1131 3765 1213 3817 urbes

86 3853 129 3890 asc
146 3833 304 3904 provincias
316 3834 468 3903 Byzantium
481 3853 562 3920 usquc
575 3851 744 3907 progressuss
763 3836 855 3907 quibus
872 3835 969 3890 litteris
986 3842 1015 3889 et
1030 3849 1148 3903 agrorum
1166 3849 1212 3884 aa·

85 3902 273 3972 signationes
285 3910 313 3956 et
325 3904 447 3972 pecuniae
466 3905 616 3974 largitiones
635 3911 664 3960 ct
682 3906 805 3961 hunorum
829 3905 988 3959 incrementa
1006 3903 1034 3955 id
1054 3918 1137 3984 genus
1158 3901 1213 3955 alis

82 3971 289 4044 pollicebatur.
324 3971 425 4035 Quibus
437 3973 565 4027 decausis
578 3975 634 4029 fere
647 3992 733 4030 omues
747 3975 786 4027 illi
797 3974 939 4037 inhiarunt,
954 3978 981 4025 et
994 3970 1086 4025 animus
1105 3985 1214 4040 prossus

82 4043 126 4096 ad
146 4039 226 4094 illum
245 4039 419 4106 inclinarunt,
435 4041 623 4111 impressionem
636 4044 693 4098 eius
704 4052 732 4098 et
744 4043 839 4096 litteris
853 4049 881 4096 et
895 4040 1010 4112 pecuniis
1031 4039 1213 4111 accelerantes.

81 4109 167 4179 (11.)
187 4113 226 4164 Aa
239 4109 399 4180 imperatur,
416 4110 460 4181 qui
479 4111 528 4164 iam
542 4111 599 4166 elim
615 4111 862 4183 prudentiam‘illius
876 4117 905 4163 et
921 4109 949 4162 iu
965 4107 1110 4163 immoti
1128 4123 1213 4162 rerum

79 4177 228 4232 articulis
241 4179 390 4234 acerrimum
404 4180 644 4252 solertissimumque
656 4181 786 4250 ingenium
796 4185 920 4241 noceret,
937 4177 989 4232 sibi
1002 4186 1030 4232 at
1044 4193 1156 4230 summae
1168 4192 1214 4230 re-

80 4265 154 4302 rum
168 4248 340 4302 vehementer
354 4247 454 4312 timuit,
471 4249 640 4306 efficaciorem
653 4253 711 4303 iore
726 4243 782 4302 eiu!
802 4246 993 4316 impressionem
1011 4263 1086 4317 quam
1099 4245 1213 4316 Scytha-

80 4333 154 4372 rsssu
170 4323 202 4371 et
213 4318 327 4374 omnium
340 4317 397 4374 iere
410 4319 523 4389 gsnu'um
536 4325 619 4378 ratus.
654 4319 723 4375 Nun
737 4317 854 4374 externis
866 4315 982 4374 bostibus
995 4332 1057 4372 suas
1070 4316 1148 4372 urbes
1163 4331 1213 4386 ορ-
