3017 4742
588 320 845 395 Parnassio.
1011 273 1018 288 ’
1198 346 1271 396 xm

168 498 236 543 mus
247 489 384 562 repetere
396 480 431 543 in
445 480 573 563 singulis
582 483 698 565 paginis
712 484 755 563 id,
777 483 861 565 quod
871 488 963 549 semel
976 493 1127 555 monuisse
1138 498 1208 559 satis
1220 500 1267 561 fo-

166 592 223 645 ret.
267 584 373 644 libros
388 584 423 643 in
439 585 555 666 capita,
577 586 674 668 capita
685 586 718 647 in
732 587 879 649 sectiones
892 591 993 651 eadem
1005 593 1146 658 methodo
1165 600 1269 663 divisi-

167 707 244 763 mus,
262 706 320 766 qua
332 687 366 746 in
381 687 477 746 Tomo
490 684 598 767 primo.
639 688 676 748 ln
688 686 845 751 breviariis
862 710 980 773 quoque
1001 705 1031 755 et
1045 696 1079 757 in
1091 701 1173 761 notis
1194 722 1269 764 esn-

168 790 238 849 dem
249 809 373 869 prorsus
385 788 535 851 rationem
551 788 670 869 sequuti
686 808 799 855 snmus.

254 892 495 973 Disputationem
514 910 582 950 eum
603 890 752 968 cabrils,
779 892 865 955 libris
883 895 982 960 tribus
998 920 1060 962 non
1081 903 1153 963 totis
1181 925 1267 966 eom·

167 992 444 1076 prehensam‘(nam
468 1010 530 1051 esa
551 990 694 1070 vigesimo
715 996 847 1056 secundo
866 997 1007 1061 inchoato
1030 1004 1068 1062 ad
1088 1006 1265 1084 vigesimum

168 1106 307 1173 quartum
320 1098 380 1155 iere
390 1092 524 1154 medium
538 1094 697 1178 excurrit),
713 1098 794 1176 quod
807 1099 845 1158 ad
858 1099 1012 1163 historiam
1019 1104 1102 1165 haud
1114 1109 1185 1167 satis
1196 1130 1264 1190 per.

164 1196 263 1257 tinere
283 1199 452 1267 rideretur,
482 1196 521 1258 ad
543 1196 667 1257 renaudi
683 1200 846 1260 voluminis
872 1204 984 1263 calcem
1005 1207 1126 1269 reiicere
1148 1211 1265 1270 animus
1504 1273 1505 1288 ,

166 1298 301 1377 primum
315 1300 380 1363 fuit.
410 1300 544 1377 Demnm,
556 1318 594 1357 ne
606 1300 747 1361 continua
764 1302 909 1363 librorum
921 1304 1011 1369 series
1025 1310 1261 1391 abrumperetur,
1276 1346 1289 1377 a

165 1401 277 1459 rectius
290 1401 440 1461 facturum
459 1420 506 1459 me
525 1399 710 1478 existimavi,
730 1400 860 1461 sianum
882 1405 909 1465 ei
928 1428 964 1465 ac
984 1411 1140 1490 proprium
1160 1413 1263 1473 locum
1311 1427 1322 1455 ⁰

166 1520 324 1563 servarem.
365 1504 433 1561 lina
446 1522 493 1561 me
506 1522 554 1563 res
565 1502 737 1563 morabatur
743 1525 753 1581 ;
775 1506 855 1583 quod
868 1527 931 1566 cam
942 1507 1173 1591 disputationem
1185 1531 1262 1572 non-

164 1601 237 1663 dum
249 1604 355 1663 Latine
374 1605 537 1683 vertissem,
556 1624 612 1665 nec
623 1602 699 1663 mihi
712 1606 807 1666 otium
823 1622 987 1689 superesset
997 1613 1036 1672 ad
1048 1613 1130 1675 istud
1143 1632 1262 1694 qnoque

163 1724 290 1785 pensum
305 1706 529 1767 absolvendum.
570 1708 652 1768 Inter
663 1706 737 1768 haec
752 1710 940 1775 commodam
955 1734 1037 1773 suam
1050 1712 1126 1773 mihi
1141 1734 1263 1796 operam

167 1807 280 1867 obtulit
292 1808 336 1868 M.
352 1810 490 1870 Claudius
506 1809 774 1889 Capperonnerius‚
794 1809 978 1871 Licentiatus
993 1812 1160 1891 Theologus
1175 1814 1263 1873 Pari·

167 1910 283 1973 siensis.
322 1910 402 1972 Huic
413 1932 483 1991 ego,
509 1912 623 1971 Graece
637 1918 667 1969 et
678 1910 784 1970 Latine
799 1910 989 1989 doctissimo,
1010 1915 1099 1974 facile
1123 1913 1263 1993 equidem

164 2012 312 2073 adductus
331 2034 406 2091 snm,
427 2024 523 2075 utens
535 2022 635 2093 partes
647 2012 812 2092 traderem5
834 2033 869 2072 eo
879 2016 1065 2095 praesertim,
1086 2015 1169 2095 quod
1185 2035 1262 2095 quae

161 2116 214 2174 ille
231 2115 459 2198 interpretanda
477 2125 669 2196 suscepturus
690 2114 787 2189 foret,
815 2136 849 2174 ea
874 2127 971 2177 essent
994 2119 1056 2179 lere
1082 2118 1260 2195 dogmatica,
1374 2101 1378 2112 ¹

160 2218 294 2298 adeoque
306 2219 362 2279 vix
377 2227 499 2299 possent
512 2218 610 2279 verbis
625 2215 757 2298 propriis
771 2236 806 2274 ac
822 2218 989 2298 perspicuis
1007 2242 1023 2279 a
1040 2238 1188 2299 quoquam
1203 2239 1259 2278 ex-

158 2320 261 2401 primi,
276 2320 335 2379 nisi
347 2321 401 2401 qui
414 2320 446 2379 in
461 2319 550 2381 rebus
564 2317 740 2397 theologicis
756 2318 885 2379 multum
902 2330 1032 2382 versatus
1046 2319 1267 2401 etqnotidiano·

159 2420 332 2482 scholarum
345 2443 403 2484 usu
415 2424 554 2483 subactus
567 2424 663 2483 ieret:
684 2421 717 2481 id
733 2420 827 2500 quod,
847 2422 873 2480 si
893 2421 941 2481 cui
954 2441 1101 2503 unquam,
1121 2422 1259 2482 cumula·

141 2533 143 2537 ’
160 2525 310 2585 tissimum
325 2533 406 2585 certe
418 2524 470 2585 isti
482 2524 616 2603 contigit.

245 2628 373 2687 Tamum
401 2626 525 2687 tertium
555 2624 739 2685 constituent
759 2624 831 2683 libri
850 2624 1092 2704 quatuordecim
1120 2625 1258 2688 historici

162 2728 283 2809 quidem
297 2738 376 2807 octo,
396 2727 556 2808 dogmatici
570 2747 642 2789 vero
656 2746 708 2786 sex
713 2748 723 2804 3
746 2726 784 2787 de
798 2727 906 2807 quibus
918 2727 965 2788 nil
975 2746 1096 2788 necesse
1109 2738 1156 2787 est
1165 2748 1257 2808 prae·

160 2830 221 2891 tari
233 2830 324 2891 initio
335 2830 425 2901 huius
439 2829 611 2891 voluminis.

158 2950 165 2965 ·
246 2934 357 2994 Tomus
365 2942 500 3014 quartus,
512 2940 629 3013 praeter
636 2935 744 3012 polinis
754 2928 859 3009 iugens
868 2928 1140 2991 Graeoobarbarum
1149 2929 1187 2991 de
1195 2930 1256 2991 bel·

158 3036 191 3097 lo
203 3056 295 3116 sacro,
308 3039 383 3098 item
397 3036 434 3096 de
442 3032 788 3116 Constantinopolitanis,
799 3033 1057 3113 Peloponnesiacis
1071 3042 1101 3092 et
1113 3032 1255 3113 Neapoli·

157 3138 239 3199 tanis
249 3139 433 3199 Francorum
447 3136 702 3220 expeditionibus,
724 3136 833 3195 selecta
845 3134 998 3196 variorum
1013 3136 1159 3216 opuscula
1179 3154 1256 3195 eon-

157 3241 283 3310 tinebits
304 3260 339 3301 ea
363 3240 492 3318 scilicet,
513 3259 587 3319 quse
607 3236 768 3321 Nicephori
785 3239 933 3318 Gregorse
954 3237 1110 3298 historiam
1127 3246 1255 3317 possunt

156 3340 320 3409 sslmtrare.
362 3342 399 3402 ln
409 3342 446 3402 iis
460 3352 563 3402 eruntz

244 3447 268 3507 l.
288 3445 427 3508 Narratio
448 3446 568 3506 Nicetes
597 3441 759 3503 Choniatae
785 3440 823 3501 de
849 3441 956 3503 ansuis
981 3438 1254 3521 Constantinopoli-

158 3548 254 3627 tanis,
276 3570 352 3631 quas
368 3548 486 3624 Latini,
508 3554 595 3628 capta
611 3544 692 3605 Urbe
708 3544 893 3621 confractas,
914 3544 948 3604 in
965 3553 1115 3604 monetam
1140 3528 1255 3602 confla·

155 3661 279 3713 verunt
321 3652 415 3711 (iuius
429 3648 623 3727 narrationis,
644 3666 683 3708 ex
697 3646 801 3707 codice
816 3646 978 3707 Bodleiano
992 3645 1179 3725 descriptae,
1201 3662 1256 3701 co-

154 3754 210 3835 pia
222 3752 330 3813 mihis
344 3753 419 3815 Viro
434 3752 595 3813 clarissimo
609 3752 719 3811 Ioanne
733 3750 858 3834 Ernesto
881 3748 992 3811 Grabio
1003 3749 1082 3807 iacta
1100 3756 1154 3806 est.

243 3856 281 3916 11.
307 3855 455 3917 'l'heodori
478 3853 610 3915 bassaris
641 3851 793 3913 orationes
820 3850 905 3911 duae.
930 3851 972 3917 1⁸.
993 3849 1172 3910 Encomium
1196 3862 1256 3925 pa·
1283 3867 1295 3900 ι

155 3958 212 4018 tris
226 3958 312 4035 eius,
338 3958 459 4018 loannis
475 3958 574 4018 [lucae
598 3954 673 4036 lmp.
694 3955 739 4021 2⁸.
758 3956 837 4015 Laus
855 3953 937 4015 urbis
961 3953 1103 4026 Nicaeae,
1124 3966 1164 4007 ex
1186 3946 1254 4009 eod.

241 4160 295 4225 ΙΙΙ.
317 4162 538 4223 Testamentum
551 4158 669 4221 Arsenii
681 4154 883 4241 patriarchae,
904 4155 1017 4217 editum
1030 4174 1046 4212 a
1062 4151 1219 4213 cotelerio.

237 4264 292 4327 lv.
313 4263 469 4325 Athanasii
488 4261 676 4345 patriarchae
696 4258 734 4324 ad
755 4261 902 4324 saniorem
914 4254 1120 4319 Andromcum
1141 4254 1262 4341 episto-⁹

243 4364 404 4438 ll'iespboms
421 4364 532 4437 Gregor·
553 4360 609 4416 Vol.
627 4362 649 4416 1.
1024 4340 1045 4400 b
1247 4342 1252 4350 ⁴
