3017 4742
392 284 631 391 uicaruou
651 320 890 391 aracosia
912 322 1031 392 vua
1190 338 1260 387 m

157 498 240 542 mam
263 478 406 561 quotidie
430 480 662 557 conveniebant,
689 479 743 541 scd
768 490 799 541 et
818 488 1041 542 consummatae
1064 482 1258 570 doctrinas&

153 564 352 646 philosophi,
375 566 557 643 astronomi,
578 564 727 639 rhetores,
747 566 859 645 aliique
875 567 980 627 aetatis
996 579 1158 648 provectae
1175 572 1259 632 litta-

152 650 232 725 rafi5
255 670 333 729 quos
353 651 495 712 videlicet
516 652 664 729 Gregorae
696 652 826 711 eruditio
848 653 1004 732 omnigena
1024 663 1056 713 et
1080 656 1261 736 supellectili

153 735 365 797 mathematica
384 736 568 815 libratisque
594 736 858 798 instructissimum
873 735 903 819 ²)
932 758 1070 801 museum
1098 741 1260 804 undecun-

156 840 217 901 que
230 821 347 881 excitos
364 822 548 883 alliciebant.

244 956 360 1017 Interea
381 955 456 1017 obiit
471 954 499 1037 8)
527 956 627 1019 senior
646 957 851 1034 Andronicus,
878 967 1005 1041 utroque
1029 961 1117 1021 oculo
1141 972 1256 1043 captus,

157 1041 336 1116 cucullatus,
353 1052 382 1101 et
397 1042 436 1101 ad
449 1063 592 1103 summam
604 1044 742 1105 redactus
756 1047 887 1106 omnium
898 1065 998 1106 rerum
1010 1047 1151 1127 inopiam.
1182 1049 1258 1108 Gre-

154 1144 261 1203 goras,
285 1128 337 1206 qui
350 1128 438 1186 illurn
455 1128 589 1187 coluerat
600 1130 828 1211 Imperatorem,
850 1131 945 1191 eidem
956 1133 1090 1213 privato,
1112 1154 1147 1192 ac
1167 1134 1257 1193 etiam

153 1210 318 1287 monacho,
341 1212 477 1272 assiduus
491 1214 659 1277 consolator
673 1214 768 1291 affuit,
791 1217 836 1275 sic
850 1225 886 1276 ut
901 1236 968 1277 eum
984 1218 1073 1277 tertia
1087 1227 1137 1277 aut
1151 1227 1257 1297 quarta

154 1316 279 1376 quaque
293 1297 341 1356 die
353 1297 505 1359 inviseret.
547 1298 648 1379 ltaque
667 1322 701 1361 eo
716 1301 782 1382 ipso
798 1322 935 1382 vespere,
958 1302 1008 1380 qui
1025 1302 1106 1361 illius
1128 1314 1257 1363 mortem

154 1382 326 1456 antecessit,
338 1403 406 1442 cum
415 1384 470 1443 illo
478 1384 664 1445 familiariter
672 1386 862 1465 colloquatur
871 1396 922 1449 cst.
945 1388 1144 1449 consueverat
1156 1398 1255 1451 autem

153 1464 180 1525 is
199 1467 334 1527 eruditos
351 1477 381 1527 et
397 1488 502 1545 graves
520 1490 588 1530 cum
602 1470 733 1550 Gregora
748 1492 898 1532 sermones
913 1470 1037 1551 habere,
1059 1474 1187 1553 quadam
1198 1494 1256 1533 ur-

152 1551 288 1613 banitate
302 1563 334 1611 et
348 1554 444 1631 gratia
461 1564 648 1635 temperatos.
690 1556 815 1616 Ultimus
835 1576 931 1617 sermo
945 1557 1026 1617 ultra
1046 1559 1175 1618 mediam
1195 1580 1255 1617 no·

153 1647 235 1697 ctem
256 1638 439 1718 productus,
462 1638 502 1699 ad
522 1641 654 1720 primum
677 1660 772 1721 usque
791 1642 862 1720 galli
881 1651 1012 1701 cantum.
1053 1644 1195 1719 nemum,
1215 1643 1256 1701 iis

153 1724 210 1803 qui
227 1725 353 1783 aderant
369 1724 509 1801 dimissis,
532 1746 622 1784 senex
636 1727 735 1785 subito
750 1728 855 1786 morbo
873 1736 1037 1807 correptus,
1059 1736 1127 1786 ante
1139 1728 1255 1788 exitum

155 1808 260 1867 noctis
273 1808 442 1887 exspiravit.
487 1810 632 1887 Gregoras
647 1810 740 1869 alteri>
754 1813 858 1869 luctus
873 1810 931 1885 die,
953 1810 1111 1869 Cralaenae
1129 1810 1256 1871 hortatu

158 1888 239 1973 (erat
252 1891 326 1952 haec
338 1893 446 1952 mortui
455 1893 604 1974 Principis
620 1894 700 1969 lilia,
723 1903 753 1953 et
771 1894 926 1953 funebrem
943 1899 1085 1973 pompam
1106 1891 1255 1972 ducebat),

154 1976 329 2036 monodiam
345 1998 382 2036 ex
394 1987 527 2059 tempore
540 1979 677 2039 recitavit
690 1975 729 2059 ⁴).
772 1978 905 2055 Triginta
915 1978 1020 2037 diebus
1035 1998 1073 2037 ex
1087 2000 1121 2038 eo
1135 1979 1253 2061 clapsis,

152 2062 283 2121 decessit
296 2062 326 2141 ⁶)
348 2072 378 2121 et
400 2083 522 2143 maguus
542 2062 707 2141 Logotheta
728 2060 917 2139 Metochites,
945 2062 1072 2123 nonita
1092 2066 1210 2146 pridem
1224 2063 1251 2145 ο)

151 2148 191 2207 ab
207 2147 301 2207 exilio
313 2166 467 2225 reversus,
489 2158 518 2207 et
531 2147 713 2208 monachum
727 2149 841 2208 mutato
853 2146 959 2207 habitu
971 2148 1005 2206 in
1019 2148 1132 2208 Chorae
1144 2172 1253 2209 mona-

152 2233 244 2292 sterio
256 2232 420 2292 novissime
433 2234 592 2312 professus.
633 2232 706 2292 Eius
721 2254 841 2312 quoque
854 2242 980 2293 mortem
995 2233 1161 2312 Gregoras,
1182 2256 1252 2295 mo·
1303 2257 1306 2262 ’

151 2317 243 2378 nodia
255 2318 379 2398 publice
399 2318 536 2391 recitata,
558 2319 735 2378 lamentatus
753 2328 813 2395 est;
837 2339 894 2397 qua
913 2318 1032 2397 audita,
1053 2338 1177 2399 magnus
1197 2341 1253 2380 co-

151 2412 314 2483 gnatorum
329 2404 429 2463 luctus
442 2410 472 2462 ct
481 2402 655 2463 miserabilis
670 2403 866 2481 comploratio
881 2404 989 2468 extitit.
1032 2404 1175 2466 Extincto
1190 2405 1251 2465 An.

153 2488 280 2549 dronim
289 2532 298 2563 ,
319 2486 470 2547 iuniorem
486 2489 630 2549 demereri
643 2498 672 2547 et
687 2488 791 2547 iisdem
805 2488 911 2568 quibus
928 2497 1013 2548 antea
1037 2510 1125 2549 avum
1144 2489 1252 2550 officiis

151 2574 317 2653 iisdemque
325 2572 438 2633 artibus
446 2574 605 2634 conciliare
620 2572 677 2632 sibi
687 2573 822 2633 studuit:
839 2573 991 2652 neclongc
999 2582 1069 2654 post
1080 2573 1160 2655 apud
1174 2595 1253 2650 eum,

154 2660 259 2718 matris
273 2666 369 2718 morte
386 2656 539 2737 afflictum,
561 2658 723 2719 orationem
736 2658 964 2719 consolatoriam
976 2658 1082 2718 habuit
1095 2656 1134 2742 ⁷).
1170 2660 1253 2719 Eun-

156 2743 243 2819 dem,
266 2762 334 2803 cum
347 2742 506 2803 haberetur
522 2742 652 2824 quaestio
676 2744 714 2803 de
731 2742 910 2819 coniuratis,
939 2743 1202 2803 acclamationibus
1223 2753 1254 2804 et

154 2828 305 2909 applausu
325 2827 478 2906 delinivit,
500 2847 536 2888 sc
551 2848 589 2890 ne
609 2828 643 2889 in
662 2828 845 2891 Demetrium
858 2830 1019 2909 Despotam
1037 2828 1254 2909 inquireretur,

152 2935 210 2996 pro
224 2912 309 2975 virili
323 2912 430 2975 effecit.

158 3122 161 3131 Ι
237 3048 348 3108 Fuerat
366 3046 468 3108 sanior
478 3046 670 3110 Andronicus
692 3051 728 3111 ab
752 3048 1023 3111 ecclesialiomana
1045 3048 1251 3109 alienissimus.

154 3132 272 3194 Patrem
284 3132 476 3211 Michaiilem,
498 3135 580 3213 quod
593 3136 767 3197 Latinorum
780 3135 886 3214 dogma
899 3134 1100 3215 approbasset,
1120 3132 1175 3194 vix
1188 3134 1250 3195 hu-

153 3218 231 3279 mari
237 3219 465 3299 passusiuerat:
479 3217 512 3277 in
525 3228 655 3279 caeteros
668 3215 904 3301 Λοτινόφρονος
917 3239 1017 3280 severe
1031 3219 1252 3281 animadverta-

153 3313 210 3365 rat.
251 3304 358 3383 Itaque
370 3302 511 3383 quamdiu
525 3304 614 3383 vixit,
636 3305 674 3365 de
690 3304 904 3386 componendis
928 3304 1118 3366 ecclesiarum
1132 3304 1250 3366 discor-

155 3388 212 3449 diis
224 3409 312 3448 nemo
329 3408 415 3467 agere
427 3408 516 3447 ausus
532 3397 585 3449 ast.
627 3391 699 3451 Post
720 3393 781 3451 eiua
798 3399 925 3450 mortem
943 3410 991 3450 res
1009 3390 1109 3451 denuo
1127 3399 1249 3451 tentata.

155 3472 244 3535 anno
265 3472 380 3533 Christi
399 3494 588 3538 ucouxxxm.
604 3472 630 3556 8)
651 3476 798 3538 antistites
821 3476 881 3537 duo
895 3474 1009 3553 Latini,
1032 3474 1249 3557 Franciscnsl)

190 3688 224 3759 l)
239 3686 307 3741 Hiat.
322 3689 368 3744 lib.
383 3704 449 3744 aru.
467 3706 528 3779 pag·
540 3694 608 3775 ⁶61..
621 3697 647 3745 tl
660 3694 694 3748 D.
768 3693 802 3776 2)
818 3692 887 3745 Vide
900 3691 1025 3757 libellum,
1041 3691 1114 3748 sosoi
1123 3692 1181 3778 Ινοὶἷν
1197 3690 1251 3747 aori

225 3760 352 3827 Γοηγοοα
368 3763 548 3829 ὶηρημοτον,
565 3761 610 3814 ubi
621 3762 754 3832 Gregoras
768 3763 884 3825 ridetur,
901 3778 932 3815 eo
948 3760 1018 3832 qaod
1034 3760 1065 3817 ia
1080 3768 1191 3833 procop
1199 3756 1251 3828 uls

226 3824 310 3913 otidis
322 3828 400 3898 φέρει
413 3827 637 3900 detractione·
655 3828 828 3918 conquinat
848 3829 996 3901 ἐμπίπλησι
1007 3830 1058 3900 τὴν
1078 3834 1185 3895 οὶκίαν,
1202 3829 1251 3917 aql

223 3898 1101 4055 stettenattinereturuetare
1118 3898 1250 4036 atre

221 4052 491 4173 iiffl‘sii’i
505 4039 633 4179 imai
646 4042 747 4163 uili
754 4041 875 4165 altat·
901 4056 925 4092 ⁰'
950 4037 1156 4163 iiiiii&
1178 4041 1252 4163 tit

218 4174 247 4226 in
273 4174 376 4246 dialogo
408 4176 471 4247 nael
495 4178 597 4247 oculor
624 4178 719 4233 dicitur
745 4175 792 4233 ἐπὶ
814 4178 898 4233 tosto
931 4178 998 4246 ξοοτ
1016 4178 1167 4249 cauditus
1189 4182 1252 4263 τοῖν

221 4240 381 4301 humosa·
398 4244 492 4303 hesso
509 4245 671 4304 ἐπανελθεῖν
687 4248 793 4315 cicada,
811 4245 861 4301 rol
877 4243 976 4320 μικρόν
1028 4266 1037 4300 ι
1056 4245 1253 4316 solertiamq-

224 4328 280 4369 σοι.
347 4316 433 4386 lib.
452 4316 484 4373 0.
505 4332 672 4375 locorum.
741 4317 774 4387 8)
797 4322 915 4370 exarante⁰
981 4316 1014 4386 9)
1032 4248 1073 4373 g,
1089 4314 1233 4373 canulro.
