3017 4742
265 358 375 407 exva-u
475 340 709 412 NICEPHORI
729 340 970 410 GREGORAE
988 340 1168 411 ELOGIA.

264 503 323 565 Sed
339 522 454 563 sumum
468 500 580 577 labore,
601 510 633 561 et
647 520 703 582 per
716 499 941 561 exesciutiones
953 499 1111 580 plurimas,
1131 495 1229 561 omnis
1242 494 1360 576 gemla

264 589 362 649 omnis
383 598 472 648 notas
492 586 691 649 eruditionem
710 587 865 647 collectam
883 588 916 645 in
932 585 1080 647 thesauris
1089 582 1248 645 mensoriae
1264 581 1359 642 etin·

263 674 341 755 genii
355 672 529 753 reposuisti3
558 681 648 749 atque
662 672 724 731 eius
745 672 831 731 velut
850 692 972 751 picenus
988 670 1101 731 condus
1121 668 1241 743 existis3
1263 686 1359 745 quae-

262 780 333 821 nam
348 758 470 819 meliora
491 757 568 831 sint,
591 776 630 815 ex
650 776 706 815 usu
726 757 862 817 aestimas
883 756 928 834 1),
950 766 1032 816 etex
1048 756 1203 831 omnigena
1219 752 1359 812 doctaina

262 844 350 904 facile
362 864 397 903 ac
408 843 494 902 velut
503 860 541 899 ex
549 851 652 922 parato
665 842 778 921 optima
789 861 925 921 quaeque
938 840 1083 921 decerpis,
1096 847 1125 899 et
1133 837 1275 899 studiosis
1289 837 1359 896 sub·

261 929 332 989 inde
353 926 527 988 contribuit.
570 927 740 999 Quinetiam
763 926 902 1001 ell'ecisti‚
924 934 959 984 ut
976 934 1007 985 et
1023 922 1195 1006 philosophi
1214 922 1357 1000 elingues,

262 1024 292 1074 et
314 1024 446 1074 oratores
470 1010 590 1071 minime
603 1010 774 1092 philosophi
796 1010 1057 1071 esseviderentnr.
1099 1009 1166 1069 Hoc
1179 1007 1246 1088 ipso
1263 1006 1358 1082 eniam

262 1100 345 1179 qued
366 1094 575 1179 philosophiae
593 1098 775 1157 rhetoricam
800 1095 968 1171 miscueris,
990 1104 1021 1155 et
1044 1114 1083 1153 ex
1102 1092 1244 1155 ambabus
1255 1102 1304 1152 tot
1313 1092 1357 1151 li-

261 1185 331 1245 bros
351 1182 543 1257 conflaven‘s‚
565 1183 597 1240 in
625 1182 732 1261 quibus
753 1183 911 1241 observare
931 1191 976 1241 est
999 1180 1173 1239 coniunctas
1196 1178 1357 1257 uniusque

261 1271 404 1345 virtutes,
427 1286 527 1328 nonne
541 1268 639 1347 palam
653 1266 755 1325 existit
766 1268 800 1325 id
816 1264 898 1345 qnod
909 1266 1000 1325 dicol
1022 1264 1167 1345 Equidem
1181 1264 1226 1323 sic
1236 1264 1274 1323 de
1288 1283 1359 1323 ora·

260 1355 393 1413 tionibus
413 1353 476 1413 tuis
499 1353 594 1412 sentio
612 1360 642 1411 et
660 1350 838 1433 pronuncio.
881 1352 971 1430 Atqui
990 1350 1064 1409 baec
1078 1349 1209 1410 strictim
1222 1358 1253 1408 et
1270 1350 1360 1409 velut

261 1440 358 1501 obiter
373 1460 390 1497 a
405 1458 453 1497 me
465 1436 545 1496 dicta
560 1446 638 1497 sunt.
669 1437 835 1516 Oportebat
849 1446 948 1495 antem
961 1438 994 1495 in
1007 1444 1129 1495 tuarum
1141 1434 1265 1495 laudum
1283 1454 1354 1493 cur·

260 1526 388 1586 siculum
405 1524 632 1583 descendentem
654 1542 759 1583 cavere
773 1521 912 1598 omnino,
934 1530 971 1581 ut
990 1531 1041 1580 tua
1057 1520 1113 1581 tibi
1129 1520 1258 1599 dignitas
1274 1520 1359 1579 salva

260 1618 424 1685 constaret,
446 1617 476 1667 et
501 1618 646 1687 quantum
665 1608 729 1687 ipse
749 1608 908 1666 facundiae
931 1608 1025 1668 robur
1046 1607 1081 1665 in
1102 1604 1286 1666 cretionibus
1298 1604 1361 1665 tuis

260 1694 505 1774 exprompsisset,
520 1703 605 1753 tanto
622 1692 760 1753 etiamad
776 1714 824 1752 eas
838 1692 938 1751 verbis
954 1692 1169 1772 praedicandas
1179 1691 1362 1751 iniunctam

260 1780 401 1839 accedere
415 1778 545 1839 decebat.
571 1779 617 1835 Tu
629 1796 695 1853 nos,
710 1786 745 1835 ut
758 1798 907 1856 praesens,
919 1778 962 1835 ita
974 1787 1005 1836 et
1014 1780 1124 1837 absens
1130 1777 1269 1837 delectas.
1295 1776 1362 1835 Bo-

259 1884 332 1925 num
355 1863 454 1936 enim,
476 1884 545 1923 cum
566 1872 641 1923 esset
658 1864 691 1920 in
707 1864 859 1939 manibus,
881 1882 916 1921 eo
934 1882 994 1941 quo
1009 1884 1064 1942 par
1082 1873 1145 1922 erat
1157 1880 1246 1921 sensu
1261 1860 1360 1941 perci-

258 1950 420 2031 piebamus.
462 1949 503 2006 At
526 1948 606 2025 quod
627 1947 747 2006 urbium
771 1948 929 2027 princeps,
951 1946 1220 2027 eademquepatria
1242 1954 1360 2024 matrs,

258 2042 375 2092 tantum
400 2032 455 2091 sibi
472 2032 617 2091 honorem
641 2032 795 2091 ambitiose
816 2033 969 2109 vindicet,
990 2032 1024 2091 id
1039 2033 1160 2112 quidem
1177 2052 1225 2093 me
1240 2052 1360 2091 summa

257 2120 416 2197 voluptate
437 2116 544 2175 allicit:
567 2137 604 2175 ac
625 2136 797 2195 quanquam
818 2118 954 2177 locomm
967 2114 1125 2180 intervallo
1140 2117 1359 2195 disiungamur,

257 2202 353 2263 nihilo
372 2212 472 2261 tamen
496 2202 594 2260 minus
615 2210 644 2260 te
664 2202 816 2280 diligimus
836 2222 923 2281 quam
943 2202 967 2261 si
984 2213 1153 2283 praesentes
1166 2202 1359 2281 adessemus5

257 2298 289 2348 et
304 2288 373 2367 quis
387 2307 486 2347 coram
503 2307 565 2347 nen
579 2286 665 2363 licet,
686 2287 755 2347 ideo
769 2287 957 2365 cogitationis
974 2298 1063 2347 motu
1075 2297 1176 2348 tecum
1189 2306 1358 2348 venamur.

258 2374 414 2433 Caeterum
431 2372 565 2432 indolem
585 2381 669 2431 tuam
688 2372 721 2431 in
736 2373 922 2433 orauonibus
934 2373 994 2433 tuis
1006 2394 1178 2453 expressam
1196 2373 1358 2433 cernimus.

256 2458 400 2517 Memoria
415 2467 514 2517 antem
527 2457 750 2518 consuetudinis
768 2468 854 2536 tuae,
876 2469 1026 2519 eteorum
1041 2460 1094 2538 qui
1111 2459 1247 2519 discendi
1264 2478 1358 2517 causa

257 2544 388 2623 quotidie
401 2544 440 2603 sd
459 2552 488 2601 te
500 2543 666 2618 ventitant,
689 2545 821 2603 animum
840 2544 999 2614 subeunte.
1021 2544 1196 2603 Academiae
1221 2553 1251 2602 et
1263 2544 1357 2623 Lycei

255 2628 412 2707 imaginem
429 2627 514 2687 nobis
528 2626 704 2706 effingimus.
747 2630 792 2689 Ac
805 2628 862 2688 tibi
877 2630 1007 2708 quidem,
1029 2628 1112 2708 quod
1127 2628 1280 2709 praeclara
1294 2630 1356 2688 ista

184 2756 187 2771 .
255 2713 432 2793 obtigeriut,
455 2714 657 2791 gratulamur3
678 2734 734 2773 nos
755 2716 939 2793 veroipsos‚
960 2714 1044 2793 quod
1058 2723 1088 2773 te
1106 2713 1182 2773 baec
1202 2724 1282 2773 aetas
1297 2722 1356 2773 tu-

253 2798 325 2859 lerit
343 2808 373 2857 et
384 2799 464 2858 vitae
478 2807 547 2857 tuae
558 2808 678 2877 tempus
689 2799 723 2857 in
736 2797 797 2858 boc
812 2808 949 2859 nostrum
959 2799 1282 2873 conuenientem,
1302 2799 1356 2861 λο-

254 2883 326 2943 licea
347 2883 563 2964 praedicamus.
601 2884 675 2942 Eius
688 2884 746 2942 tibi
769 2904 858 2963 quam
872 2884 1077 2963 longissimum
1093 2886 1223 2965 spatium
1235 2885 1353 2947 utinam

252 2978 448 3049 plumgowe,
469 2977 504 3026 ut
526 2986 628 3027 earum
650 2988 770 3045 rerum,
792 2969 912 3049 quaein
927 2978 959 3030 te
969 2969 1095 3031 eximiae
1105 2980 1194 3049 sunt,
1213 2969 1353 3031 homines

255 3072 343 3133 quam
356 3053 480 3133 plurimi
493 3052 654 3133 participes
666 3052 750 3113 liant.

356 3184 414 3251 lv.
435 3184 632 3253 Pleilotlzeus
650 3186 874 3275 patriarcha,
892 3186 1081 3254 Antirrhet.
1105 3186 1189 3255 XII
1197 3186 1238 3275 ²).

338 3310 495 3389 Γρηγοριῖς
509 3310 536 3371 δ’
551 3306 682 3379 adsocia,
703 3307 736 3371 λιι
750 3302 912 3391 βαρβάρων
924 3305 1006 3388 νεαροὶ
1018 3306 1076 3390 σὴν
1087 3313 1150 3371 sois·
1160 3303 1281 3372 πόλεων
1294 3310 1352 3389 βο.

253 3392 351 3455 σιλλδιι
363 3392 489 3473 ταυτηνὶ
501 3391 553 3455 sel
564 3390 621 3472 τήν
634 3386 767 3474 μεγάλην
780 3391 880 3456 eleale·
893 3398 954 3457 scis
968 3394 1134 3475 ἐκκλησιῶν
1145 3399 1201 3458 acsi
1213 3399 1351 3475 Χριστοῦ

252 3476 365 3559 μητέρα
388 3475 454 3557 (τῆς
470 3474 527 3560 ydp
549 3473 760 3560 Παφλαγόνων
782 3474 901 3561 ὅρμητο
917 3478 986 3562 γης)
1005 3479 1058 3542 κοιλ
1077 3474 1198 3562 ἀγωγῆς
1212 3480 1265 3542 καλ
1277 3502 1350 3543 ιειιι-

251 3562 333 3635 delae
347 3562 480 3625 ἐνταῦθα
494 3561 547 3625 sel
562 3557 678 3645 μούσης
690 3562 865 3644 Ἑλληνικῆς
880 3562 1041 3646 μετασχών,
1064 3563 1106 3638 oie
1120 3564 1174 3627 ael
1190 3558 1349 3647 μετεώρων

249 3640 381 3728 donisel
398 3670 466 3709 τινα
485 3642 572 3723 δόξαν
584 3647 635 3711 uel
647 3643 793 3730 σ’νὸμοτος
807 3644 987 3732 ειλμοιρῆσαί
996 3673 1095 3724 τινος,
1117 3654 1232 3731 μᾶλλον
1247 3646 1281 3712 ὄλ
1292 3648 1350 3712 aet

248 3736 306 3795 soei
330 3726 399 3794 κατ’
416 3726 510 3796 odedu
527 3727 697 3816 πράγματος
711 3734 901 3817 ὑψηλοτέρου
915 3734 966 3797 καλ
987 3740 1137 3816 μείζονος,
1158 3730 1192 3797 ssi
1205 3730 1261 3814 μλν
1271 3730 1348 3838 βόρ-

248 3819 345 3899 βορον
365 3807 446 3898 ἦθος
460 3813 598 3902 ἀμηγέπη
612 3815 733 3901 καλιὴν
747 3816 858 3900 φωνήν
868 3814 1032 3925 ἆποξλαλιῖν
1046 3820 1125 3901 ἔσχε·
1147 3822 1209 3882 τοῖν
1224 3816 1258 3881 dl
1276 3842 1348 3899 τρο-

248 3925 317 3966 nov
340 3924 373 3966 τε
396 3901 448 3965 acl
468 3908 523 3984 τῆς
533 3900 657 3987 γνώμης
671 3902 706 3968 sd
729 3902 886 3987 βάρβαρον
900 3928 938 3966 ον
953 3900 1049 3985 μόνον
1061 3900 1121 3968 osis
1133 3905 1217 3984 ἔσχεν
1226 3899 1348 3987 οἰνοβα-

248 3990 327 4065 λεῖν,
349 3982 423 4051 leel
435 3987 487 4050 sat
503 3985 770 4073 προσεξειργάσατο
786 3989 839 4053 ael
859 3988 1050 4070 προσέθηκεν
1063 3989 1097 4054 λιι
1109 3985 1194 4053 πάνυ
1209 4012 1257 4053 τοι
1269 3993 1347 4053 ιιολ-

247 4074 305 4134 λοῦ
317 4076 373 4137 soal
386 4068 557 4154 περιόντος,
581 4080 642 4137 τοῖν
656 4070 822 4155 ὁμοφύλων
838 4075 946 4156 χείρων
965 4072 1003 4138 ssi
1017 4080 1140 4139 τοιαῦτα
1154 4075 1279 4153 φανεὶς,
1300 4073 1346 4150 οἷς

246 4152 323 4237 μηδὲ
343 4155 545 4241 παραβάλλειν
566 4159 684 4237 itemst.
709 4164 823 4241 μᾶλλον
845 4159 876 4223 d‘
895 4158 1089 4241 desiccante,
1111 4162 1139 4225 al
1150 4159 1204 4224 sel
1223 4155 1344 4244 βόρβο-

279 4340 310 4409 λ)
332 4340 377 4396 Vel
393 4342 496 4399 mellona
512 4358 559 4397 aaa
576 4344 680 4415 pratas
747 4344 781 4415 2)
797 4344 841 4401 Ex
858 4344 915 4401 cod.
934 4344 1236 4417 santonensem
