3017 4742
461 344 695 413 NICEPHORI
716 342 957 463 thEGORAE
977 342 1096 410 VlTll.

298 361 310 405 l

54 507 58 515 ’
151 360 308 569 (nbrle
331 502 419 566 dixit.
449 502 494 562 Ita
507 502 616 563 senaim
628 510 658 562 et
670 501 734 562 sine
746 521 836 562 sensu
848 498 997 580 producta
1008 500 1041 559 in
1055 498 1183 559 medium
1197 518 1231 557 ea
1243 510 1331 578 quarn

236 600 300 654 erat
310 588 539 671 praemeditatus
557 587 743 669 quaestione,
759 606 844 647 suam
858 587 896 646 de
912 587 960 645 die
968 584 1102 667 paschali
1118 585 1331 646 constituendo

237 675 414 737 sententiam
434 675 604 734 luculenter
627 670 788 753 explicuit:
818 671 1018 751 investigandi
1037 669 1218 750 aequinoctii
1233 671 1331 745 verni,

235 762 307 822 item
320 758 477 841 plenilunii
492 758 670 819 obserandi
684 758 831 819 rationem
844 757 983 817 tradidit:
1004 757 1043 816 ad
1056 756 1117 815 dies
1131 774 1256 832 ccouxv,
1278 758 1334 835 qui

238 866 351 907 annum
372 846 497 905 solarem
517 845 749 919 constituerent,
779 843 929 921 integrum
949 842 1038 901 unius
1055 842 1113 901 diei
1136 840 1332 920 quadrantem

236 950 300 993 non
315 929 420 991 debere
438 929 508 990 addi
523 930 669 1007 ostendit,
691 928 742 988 sed
757 926 960 987 deducendam
975 927 1048 986 inde
1062 936 1177 1007 partem
1194 924 1253 985 diei
1266 924 1332 985 bre-

236 1014 398 1091 vissimam,
409 1036 474 1075 non
487 1022 587 1074 tamen
599 1013 834 1074 trecentesimam
845 1014 939 1092 ipsam
954 1032 1095 1093 prorsus,
1116 1019 1153 1071 nt
1169 1011 1334 1070 censuisset

235 1101 438 1163 Ptolemaeus:
459 1100 515 1159 alia
531 1099 657 1179 denique
670 1098 764 1159 multa
777 1099 811 1157 in
825 1117 888 1157 eam
906 1118 970 1159 rem
986 1096 1148 1176 congessit,
1171 1097 1333 1176 exquibus

236 1185 272 1245 id
291 1184 489 1261 alliciebatur,
512 1186 547 1244 ab
570 1183 767 1245 annemundi
792 1184 854 1243 fere
875 1202 1031 1259 vemens,
1064 1182 1118 1263 qui
1138 1181 1198 1241 fnit
1221 1178 1336 1241 christi

236 1290 360 1331 necnon
370 1314 380 1345 ,
402 1279 531 1331 erratum
555 1290 617 1330 esse
638 1270 672 1331 in
690 1270 829 1351 ponenda
847 1277 1018 1349 temporum
1035 1269 1152 1328 ratione
1159 1274 1174 1339 ,'
1189 1276 1279 1346 atque
1298 1266 1335 1325 in

236 1354 389 1417 Paschatia
409 1355 458 1415 die
480 1355 681 1431 observando;
708 1374 776 1414 eum
799 1372 871 1413 vero
893 1372 1025 1414 errorem
1047 1353 1090 1412 ita
1104 1370 1193 1433 posse
1211 1351 1333 1433 corrigi,

238 1439 265 1500 si
292 1440 330 1499 de
357 1438 472 1499 dierum
492 1459 606 1500 summa
627 1440 718 1522 paulo
745 1440 814 1520 plus
849 1438 941 1498 biduo
970 1438 1088 1516 integro
1117 1434 1334 1513 detraheretur,

238 1534 268 1585 et
290 1523 442 1585 Paschatia
467 1524 634 1587 observatio
665 1524 804 1605 proxime
829 1532 899 1583 ante
929 1523 1008 1582 diem
1028 1522 1132 1584 Martii
1155 1522 1335 1601 vigesimum

235 1609 461 1683 institueretur,
510 1630 587 1690 quae
623 1632 639 1669 e
667 1610 808 1688 vigesimo
846 1608 979 1668 secundo
1017 1626 1175 1689 perperam
1213 1606 1335 1667 institui

236 1695 356 1755 soleret.
405 1694 569 1774 imperator
592 1694 751 1756 consilium
787 1693 825 1752 de
848 1693 991 1754 Paschate
1018 1692 1197 1771 corrigendo
1220 1692 1335 1773 proba-

236 1778 301 1855 vit3
322 1798 386 1837 rem
400 1779 497 1859 ipsam
511 1780 630 1859 aggredi
642 1778 761 1856 noluit,
784 1778 867 1858 quod
885 1787 1006 1856 negaret
1020 1776 1108 1835 facile
1122 1796 1185 1836 esse
1200 1778 1337 1837 omnium

235 1862 391 1923 nationum
407 1862 547 1942 suffragia
572 1863 727 1943 colligere,
749 1871 779 1921 et
797 1871 953 1942 receptum
972 1870 1037 1920 toto
1062 1861 1134 1921 orbe
1157 1880 1244 1921 usum
1260 1862 1336 1922 abo·

237 1948 309 2008 lere.
353 1948 500 2024 Gregorae
523 1948 699 2007 sententiam
716 1945 767 2005 alii
789 1956 893 2025 postea
915 1945 1078 2005 astronomi
1100 1945 1336 2027 chronologiqne

239 2031 451 2107 deiendenmt,
472 2039 560 2110 atque
571 2032 707 2111 inprimis
719 2030 803 2089 lsaac
817 2030 958 2109 Argyros.
1002 2032 1126 2090 Saeculo
1150 2031 1271 2090 demum
1284 2032 1335 2092 de.

238 2116 316 2176 cimo
334 2124 435 2191 sexto,
457 2134 491 2174 ea
504 2116 676 2195 quaestione
692 2114 773 2194 apud
784 2115 906 2174 Latinos
930 2134 1050 2194 quoque
1073 2117 1198 2195 agitata,
1220 2117 1336 2176 Kalen·

238 2198 356 2261 duinm
377 2220 416 2259 ex
428 2201 606 2261 anctoritate
619 2199 755 2278 Gregorii
770 2199 849 2277 Xlll,
872 2220 906 2259 eo
921 2201 984 2259 sere
997 2200 1098 2279 modo,
1114 2221 1203 2281 quem
1218 2202 1335 2282 Grego-

236 2305 286 2347 ras
300 2284 523 2365 designaverat,
540 2287 734 2347 reformatum
746 2283 813 2344 fuit.

320 2386 408 2447 Anno
432 2380 598 2467 naccam.
619 2386 733 2465 legatus
747 2385 807 2445 ivit
821 2382 860 2445 ad
876 2383 992 2444 Cralem
1008 2383 1047 2467 ¹).
1089 2386 1162 2449 Eius
1178 2386 1335 2467 legationis

237 2490 326 2531 causa
338 2468 413 2549 baec
428 2472 494 2531 fuit.
523 2471 674 2532 Theodori
688 2468 867 2532 Metochitae
880 2469 942 2529 filia
952 2470 1048 2549 Irene,
1072 2482 1191 2533 mortuo
1209 2472 1336 2554 coniuge

236 2556 348 2617 Ioanne
363 2557 552 2637 Palaeologo,
576 2557 629 2636 qni
644 2576 681 2616 ex
695 2554 967 2638 Panhypersebasto
983 2558 1090 2618 Caesar
1105 2568 1222 2618 creatus
1235 2560 1336 2618 novis.

236 2641 310 2701 sime
324 2643 435 2719 iuuat,
456 2643 536 2723 apud
554 2642 667 2702 Cralem
684 2661 826 2721 generum
840 2640 1029 2722 morabatur,
1051 2664 1085 2703 ac
1102 2644 1223 2703 dosnum
1234 2641 1336 2705 redire

236 2726 275 2788 ad
289 2724 404 2807 patrem
415 2728 581 2807 recusabat.
622 2726 724 2805 Itaque
740 2724 915 2786 Metochites
931 2738 1017 2809 pater
1038 2740 1142 2789 auctor
1162 2730 1222 2788 fuit
1234 2729 1336 2809 lmpe-

235 2812 346 2889 ratori,
368 2821 403 2871 ut
418 2832 481 2871 cam
498 2812 596 2871 redire
613 2820 739 2890 cogeret
782 2812 825 2871 lle
843 2832 877 2870 ea
892 2833 925 2872 re
944 2814 1027 2873 missi
1045 2815 1084 2873 ad
1101 2814 1216 2873 Cralem
1235 2811 1335 2893 legati,

237 2916 364 2977 quorum
378 2916 455 2961 unus
470 2896 529 2957 suit
541 2897 703 2975 Gregoras,
723 2916 821 2957 comes
837 2896 922 2957 datos
936 2898 1023 2957 fratri
1037 2898 1130 2978 ipsius
1145 2898 1256 2958 irenes.
1297 2900 1336 2960 In

236 3001 268 3040 ea
283 2982 444 3059 legatione,
466 3002 538 3060 quae
551 2982 607 3042 sibi
619 2991 650 3041 et
662 2982 751 3041 sociis
766 2981 828 3042 suis
842 2982 875 3040 in
885 2982 991 3041 itinere
1006 2982 1185 3058 acciderint,
1209 3004 1335 3063 errores,

235 3067 387 3147 pericula,
409 3076 439 3126 ct
454 3067 527 3127 alios
541 3087 627 3127 casus
643 3068 707 3127 luse
723 3067 866 3127 describit
879 3067 1070 3127 in-lliston'a.
1115 3068 1217 3129 Crales
1231 3070 1335 3131 audita

236 3150 383 3229 legatione
404 3172 523 3213 socrum
548 3152 652 3213 Irenen
677 3152 800 3212 dimisit.
841 3152 933 3229 Haec,
958 3162 994 3213 ut
1010 3152 1075 3214 viro
1089 3152 1168 3214 iusta
1180 3156 1336 3237 persolve-

236 3244 298 3313 ret,
321 3235 561 3298 Thessalonicam
584 3238 654 3297 inde
669 3239 806 3318 proiecta
828 3248 880 3299 est.
925 3237 1070 3318 Gregorss
1091 3259 1179 3317 vern,
1202 3240 1335 3322 acceptia

238 3318 502 3399 absumendam,
524 3321 701 3403 Byzantium
718 3323 818 3383 rediit.

320 3421 446 3484 Biennio
468 3422 578 3506 posti)
604 3422 706 3485 iunior
726 3424 918 3485 Andronicus
937 3426 1221 3507 Constantinopolin
1241 3437 1336 3489 noctu

235 3526 291 3589 per
307 3508 510 3587 proditionem
526 3510 677 3589 ingressus
694 3519 748 3569 est.
793 3511 909 3571 Seniori
923 3520 1054 3593 potestas
1072 3514 1168 3573 omnis
1185 3512 1335 3591 abrogata.

235 3590 386 3653 Theodori
400 3592 577 3655 Metochitae
593 3594 698 3655 domus
719 3593 853 3676 direptae
873 3596 939 3677 ipse
950 3596 1201 3676 Didymotichnm
1219 3599 1335 3677 relege-

234 3685 285 3737 tus
297 3674 341 3759 ⁸),
362 3678 441 3738 unde
457 3687 528 3758 post
546 3678 699 3739 biennium
719 3691 879 3741 revocatus
898 3681 1021 3742 domum
1036 3683 1136 3744 rediit.
1178 3682 1334 3767 Gregoras,

236 3762 289 3840 qui
302 3762 418 3823 easdem
431 3772 531 3843 partes
548 3774 691 3847 sequutus
705 3764 820 3842 luerat,
840 3765 927 3827 bonis
940 3768 1103 3848 spoliatus,
1123 3777 1155 3827 et
1168 3787 1233 3827 non
1248 3769 1336 3827 etism

234 3847 268 3904 in
288 3847 411 3909 exilium
428 3849 535 3912 missus
548 3848 587 3932 ⁴).
629 3852 779 3913 Nimirum
792 3849 879 3927 huic,
900 3852 971 3931 quia
990 3855 1053 3913 otio
1075 3861 1106 3913 et
1121 3853 1337 3932 tranquillitati

236 3950 352 4012 semper
365 3933 541 4012 studuerat,
563 3956 618 3997 nec
639 3936 762 4016 publica
775 3936 893 4014 negotia
907 3946 1106 4018 tractaverat,
1128 3938 1226 3999 levior
1237 3958 1335 4020 poene

234 4015 364 4096 irrogata
377 4030 430 4081 est.
466 4022 536 4081 Fuit
549 4041 668 4101 quoque
681 4022 710 4084 ei
723 4021 750 4081 is
762 4020 893 4102 ansusi)
907 4022 1027 4083 loannis
1038 4022 1200 4087 Heracleae
1215 4022 1336 4085 archie-

270 4198 301 4269 1)
323 4198 393 4255 llist.
410 4202 454 4257 lib.
469 4221 527 4260 vus.
548 4223 573 4260 c.
592 4204 633 4261 tt.
717 4208 750 4275 2)
773 4207 804 4261 Α.
820 4207 852 4261 c.
872 4222 1037 4264 nocoxxrm.
1061 4224 1148 4265 mense
1167 4184 1248 4265 blein
1275 4208 1334 4263 lib.

303 4274 462 4410 litte?
478 4276 505 4331 ⁷·
530 4272 733 4415 stitit:
745 4276 813 4400 {⁵⁰²
832 4279 935 4349 ‘wi‘
956 4278 1014 4334 Μ
1036 4296 1093 4351 '⁶²‘
1115 4278 1194 4338 ³²⁸⁴·
1211 4278 1257 4336 n
1273 4276 1335 4340 '⁴⁷'
