3017 4742
356 293 593 365 memnon
615 294 856 391 omnnem
875 271 1057 366 monn
1166 306 1252 358 um
1378 341 1384 352 ,

164 454 348 553 pomumque
369 472 484 515 morem
505 453 639 530 ιυιεολῐες
660 470 718 514 neo
738 473 807 514 eum
825 452 919 514 subiit
929 454 1101 515 reverentie
1118 455 1181 515 eine
1192 450 1250 515 no·

161 561 258 616 tumn,
279 537 453 618 quodcum
474 497 663 620 philosopliin
685 558 844 600 commune
865 537 971 615 hebet,
993 548 1051 599 etc.
1090 541 1251 601 Enimvero

162 635 267 685 caetera
290 623 444 684 Platonem
465 624 616 699 imitatus,
637 644 672 685 eo
689 625 831 685 videlicet
857 627 950 731 quod
952 583 1087 703 ‹lialogon
1107 635 1198 685 vocet
1219 646 1252 688 eo

161 731 231 791 quoe
243 710 358 785 scribit,
380 718 409 769 et
426 711 507 789 quod
526 710 576 769 illa
593 710 723 789 [Plutoni
739 708 908 806 ίοιυίίὶρτλα]
924 733 948 771 m
938 700 1077 789 έταῑρε,
1098 704 1179 792 μα’λα
1191 704 1254 790 μό-

161 802 213 872 λις,
233 789 285 873 οτίγ
296 794 352 880 ἔπη
370 817 394 857 α
384 786 520 893 'lemine
543 795 733 875 alinquanto
746 794 862 873 generis
873 794 1002 855 subinde
1015 806 1112 855 noento
1124 806 1252 893 repetat,

162 880 218 941 hoc
238 880 421 939 soloheud'
411 881 544 939 nullatus
559 889 621 956 eet,
644 890 700 941 etc.
736 880 799 939 lum
820 900 892 940 vero
906 876 1045 939 lemmate
1062 882 1176 961 egregia
1203 891 1250 939 ot·

165 987 217 1046 que
233 966 379 1025 eiusmodi
400 975 486 1042 eunt,
508 975 543 1025 ut
563 967 698 1039 Pelemne
720 966 873 1025 silentium
895 966 1060 1064 imponant.
1102 968 1156 1026 Est
1172 968 1251 1027 enim

162 1051 390 1131 unumquodque
400 1050 508 1111 lemma
529 1060 617 1111 atrox
638 1062 667 1111 et
684 1052 843 1131 multiplex
856 1051 1037 1126 convitium
1060 1048 1183 1130 dignum
1197 1052 1253 1111 eci-

160 1136 225 1195 lioet
236 1136 358 1214 ingenio
373 1145 403 1195 et
416 1146 514 1195 mente
529 1136 719 1218 philosophi,
741 1138 838 1216 quise
854 1146 883 1195 et
897 1137 1073 1217 praesentia,
1095 1139 1250 1212 otiatura,

159 1231 187 1283 et
208 1223 366 1301 praeterite
388 1222 467 1281 enine
479 1223 633 1299 gloriatur.
677 1222 798 1303 Quippe
814 1231 844 1280 et
858 1223 1039 1282 vaticinator
1050 1222 1148 1281 videm'
1166 1224 1249 1299 τιτλε,
1294 1250 1301 1263 ·

160 1318 187 1367 n
205 1306 363 1366 Chaldaice
383 1307 525 1385 quaedam
552 1309 701 1380 annectit,
724 1319 753 1368 et
776 1307 914 1381 fabellas,
935 1317 966 1367 et
989 1308 1121 1375 earmina
1136 1309 1251 1385 magice

161 1392 338 1453 orationibus
360 1393 422 1451 euin
444 1393 553 1472 passim
567 1394 706 1473 aspergit.
748 1392 853 1472 ltaque
868 1392 921 1452 hic
935 1392 988 1473 qui
1002 1393 1118 1471 singula
1131 1391 1252 1453 dicendi

161 1498 257 1557 genere
269 1478 403 1555 collegit,
424 1478 453 1537 id
469 1478 551 1557 quod
567 1478 604 1537 eb
621 1478 894 1558 argumentantibus
910 1472 987 1561 (sive
999 1478 1098 1557 logice
1111 1479 1175 1538 eive
1189 1498 1251 1537 me.

160 1562 310 1623 thematice
322 1564 575 1623 demonstratione
598 1586 672 1645 opus
686 1559 744 1648 sit)
764 1565 872 1623 lemma
885 1564 1013 1642 dieitur,
1035 1564 1187 1643 quodnam
1200 1584 1252 1622 ee·

161 1658 202 1709 set
213 1649 347 1725 nescivit,
364 1657 393 1708 et
406 1649 490 1727 quod
505 1649 670 1709 convitium
685 1659 758 1725 erat,
774 1649 880 1708 lemme
893 1648 927 1708 id
940 1650 1071 1723 vocavit,
1084 1658 1140 1711 etc.
1168 1650 1251 1708 ld·-

165 1753 226 1793 ωσι
237 1755 285 1795 ττι
306 1735 518 1793 eetronnmicen
538 1744 657 1811 tractet,
683 1755 745 1793 non
763 1754 815 1793 ore
829 1743 859 1791 et
872 1734 973 1810 lingue
989 1733 1145 1791 seientiam
1162 1753 1253 1811 pree·

168 1820 220 1877 lert
228 1840 236 1893 ;
249 1829 281 1878 et
292 1818 418 1899 spheris
433 1819 555 1878 domum
570 1820 689 1899 implet:
703 1819 802 1879 omnin
818 1818 844 1875 ei
854 1818 942 1877 libris
956 1827 986 1875 et
999 1816 1104 1894 ligurio
1118 1818 1252 1875 delinee·

168 1906 203 1963 tit
216 1906 318 1963 reluta
331 1914 419 1963 nunt:
443 1904 563 1983 grabato
577 1904 642 1984 ipsa
658 1914 687 1963 et
700 1913 848 1963 tectorum
865 1902 980 1981 lastigie
996 1902 1150 1961 doctrinae
1161 1902 1252 1983 plena

162 1998 296 2063 ostentat,
318 1988 439 2070 quidvis
455 1989 583 2068 denique
594 1989 696 2071 potine
710 2008 799 2069 quem
812 1989 979 2065 ingenium,
1000 1997 1060 2049 etc.
1092 1988 1252 2048 Hominem

157 2074 250 2153 itaque
260 2094 323 2133 non
339 2095 372 2133 ee
388 2095 421 2135 re
436 2076 583 2150 admiror3
608 2075 660 2135 ned
678 2076 759 2153 quod
775 2074 916 2153 potuerit,
932 2094 1000 2133 cum
1017 2072 1163 2150 docendo,
1184 2083 1251 2135 tum

153 2159 302 2234 ducendo,
317 2161 352 2218 in
367 2170 452 2219 tento
467 2160 609 2241 temporis
626 2169 655 2219 et
672 2156 909 2241 [perpetuarum]
928 2158 1049 2218 dicendi
1065 2160 1251 2220 exercitat-io.

152 2264 221 2303 num
244 2244 418 2323 curriculo,
439 2246 542 2304 rudem
560 2254 590 2304 et
603 2245 776 2325 imperitum
791 2245 923 2303 animum
940 2264 1078 2320 nervore3
1100 2245 1204 2305 itidem
1215 2254 1251 2304 ut

149 2332 391 2410 prumtigietoree
414 2330 606 2409 admiremur,
630 2331 738 2410 ignem,
759 2330 865 2407 undae,
885 2329 1010 2409 gladios,
1029 2329 1154 2412 impune
1177 2350 1250 2413 per·

149 2426 349 2476 transeuntes.

180 2563 239 2633 Ill.
267 2567 339 2673 Τοῦ
358 2568 543 2652 Λαμπηνοῦ
567 2558 815 2651 Ταργανειοίτου
835 2559 936 2641 είς
901 2585 961 2631 τον
981 2566 1156 2650 Γρηγορᾶν
1170 2564 1208 2649 ¹).

231 2676 310 2749 Εἶτ’
322 2684 479 2793 έςίίγαλμα
487 2683 577 2767 μίν”
556 2710 595 2750 αν
607 2709 652 2761 τις
664 2679 827 2791 βλέψας’
792 2708 916 2764 ευφυως
929 2690 983 2790 τῆς
987 2686 1099 2791 τέχνης
1106 2678 1232 2765 έχων
1194 2705 1251 2761 ουκ

145 2766 185 2835 δν
197 2768 304 2879 διὶπρυ
316 2773 432 2857 ῥᾳδίως
444 2767 622 2852 αἰποσταίη”’
607 2794 650 2834 οτι
666 2768 708 2851 μή
725 2767 783 2834 univ
796 2766 905 2875 αἷηδίγ,
925 2764 995 2832 αλλ’
1012 2768 1179 2849 οἷκορὲοτυς
1194 2769 1252 2843 ἕξει

143 2862 199 2937 τῆς
224 2852 287 2921 uini
304 2882 357 2920 τον
345 2858 491 2940 βλέπειν
505 2856 636 2939 η’δονης·
656 2852 729 2931 'cotie
743 2854 776 2918 δέ
791 2864 854 2930 τοῖς
869 2862 935 2929 σοῖς
949 2850 1050 2956 λόγοις
1067 2848 1135 2917 οἷον
1150 2850 1251 2933 έμψυ·

141 2966 209 3023 γοις
239 2938 421 3049 α’γοίλμασιν
430 2944 648 3049 ένατεγίζοντας
671 2942 731 3004 ίστι
750 2934 843 3043 κόρον
861 2945 919 3003 τοῦ
939 2935 1069 3013 κάλλους
1078 2940 1206 3045 λαβεῖν,
1227 2932 1252 3019 ἦ

142 3022 305 3091 θαττον’
284 3026 345 3091 ono*
366 3022 482 3093 τούτων
503 3023 686 3133 ἆναχυρεῖν,
706 3022 728 3088 δι’
748 3048 822 3100 τους
842 3030 898 3126 τῆς
915 3026 1051 3098 διανοίας
1070 3019 1251 3127 δφθαλμοιίς

140 3113 230 3177 έστια
251 3136 284 3175 τε
304 3114 356 3179 καί
370 3112 488 3222 τέρπει,
508 3108 564 3177 ουίτ
580 3137 618 3176 αν
632 3107 718 3191 οίμαί
729 3132 797 3173 τινα
809 3133 907 3189 φαναι
921 3111 1032 3211 ῥαδίως
1047 3132 1108 3172 των
1125 3106 1250 3173 είδότων

140 3203 330 3307 λογίζεσθαι.
352 3197 408 3301 tyni
424 3223 501 3306 γορν
515 3192 690 3279 ὁπηνίκα
649 3220 711 3301 την
727 3194 858 3278 μεγάλην
870 3196 962 3258 οίκών
951 3190 1137 3302 ἐτύγχανον
1147 3195 1248 3269 πόλει,

141 3282 180 3347 ταί
198 3282 240 3347 noi
257 3282 424 3393 θαυμάζων
437 3309 475 3349 ου
468 3280 623 3347 ’διέλιπον
637 3277 839 3389 αγυγίσματα,
856 3278 958 3343 καλ
921 3304 975 3355 τας
987 3286 1044 3361 τῆς
1058 3286 1114 3362 σῆς
1129 3277 1251 3360 φύσεως

140 3367 247 3475 poprie
257 3362 299 3472 ἦν
314 3365 416 3445 οὐδεὶς
431 3374 492 3433 τῶν
506 3364 717 3477 ἔλλογίμυν,“
700 3391 733 3441 ος
750 3391 786 3429 ου
780 3360 930 3472 ’συνῄδει
944 3390 999 3448 μοι
1021 3371 1178 3471 κρατοῦντι
1198 3367 1252 3429 καλ

142 3450 191 3517 δι’
208 3449 354 3535 ευφήμου
360 3450 493 3549 μνήμης
507 3450 773 3559 αδτδςτιθεμένηο
791 3428 911 3515 νυνλδ’
927 3450 970 3515 έτι
982 3456 1094 3556 μᾶλλον
1110 3448 1252 3533 ἐπήρθην

140 3548 212 3615 τοῖς
230 3533 413 3621 βιβλίοις,“
393 3568 412 3604 α
425 3546 512 3622 τῆτες
524 3535 685 3648 ἐξήνεγκας
700 3560 774 3619 μετα
766 3534 944 3612 πλείστους
959 3532 1107 3619 πρότερον
1122 3538 1173 3600 καλ
1186 3560 1253 3639 γεν-

140 3628 258 3700 ναίους
275 3622 399 3708 λόγους,
419 3628 472 3689 καί
494 3650 550 3689 κατ
555 3620 677 3690 ὀυ’δὲν
700 3628 763 3687 τοῖν
785 3619 950 3697 Πλατυνος
969 3621 1170 3699 ἀποδέοντας,
1196 3618 1254 3685 ὅσα

139 3736 160 3794 γ
166 3706 243 3786 ἐίς
264 3709 366 3819 ἥδρυς
386 3708 566 3793 σεμνότητα,
589 3704 707 3792 αἷξίοιμα
730 3714 807 3787 νοῦ,
829 3708 882 3772 καί
899 3710 1132 3814 μεγαληγορίαγ,
1155 3706 1207 3769 καλ
1226 3704 1257 3767 εί

141 3820 172 3859 τι
190 3796 268 3861 αλλο
283 3820 341 3878 την
356 3794 556 3905 Πλατυνικην
578 3796 661 3860 ίδέαν
681 3798 894 3877 χαρακτηρίζει
923 3800 986 3869 τοῖς
998 3792 1054 3878 yolo
1067 3792 1107 3872 δη
1122 3786 1253 3871 σχήμασι

140 3884 200 3946 καλ
216 3908 254 3968 τη
243 3878 414 3986 συνθήκη
432 3882 484 3945 καὶ
506 3878 659 3967 εὐρυθμία
680 3886 741 3944 τοῖν
765 3882 873 3958 λέξεων
885 3880 938 3943 καί
953 3876 1112 3963 εδγλωττίγ
1124 3876 1177 3938 καλ
1191 3876 1253 3958 δη·

141 3991 254 4075 τοροιη
242 3964 451 4075 πγθανότητι
462 3970 505 4043 τίς
513 3972 580 4032 lone
593 3975 657 4042 τοῖς
669 3990 712 4053 τρι
699 3968 887 4069 δητορικης
902 3962 1111 4048 προϊσταμένῳ
1123 3982 1254 4043 πεποιη·

143 4054 253 4133 μένοις
276 4049 434 4134 αφίκοντο.
466 4060 530 4129 τοῖς
544 4046 602 4118 ονν
611 4074 763 4127 τοιουτοις
776 4050 873 4157 λογοις
887 4054 938 4115 καλ
955 4059 1019 4126 τοῖς
1033 4047 1103 4128 περί
1113 4052 1169 4111 τοῦ
1182 4072 1254 4131 γεν·

143 4142 239 4205 καλου
253 4142 446 4223 Δημητρίου,
466 4140 518 4205 καί
539 4144 593 4222 τῆς
605 4133 708 4223 λόγοις
721 4132 905 4222 α’πσρρήτοις
916 4135 994 4199 θεὸν
1010 4136 1162 4211 τετοκυίας
1176 4132 1254 4198 συν·

186 4304 655 4381 Ιλνωαῑρααωανιοταο,
669 4303 897 4362 menen
918 4300 1057 4357 numu
