3017 4742
593 308 847 381 PRAEFATIO.
1188 318 1268 370 ΜΣ

173 485 200 535 at
219 480 357 534 extrema
376 487 512 551 quaeque
531 465 596 529 orbi
614 468 800 547 Clrristieno,
820 458 1102 529 etiarmeeteaem
1121 466 1269 547 religioni,
1284 519 1288 528 .

169 578 282 638 frustra
295 573 346 635 illi
360 572 480 653 quidam
496 571 693 654 (nequeenim
707 570 830 630 Cassam
843 572 1004 633 amatoris
1017 570 1115 631 nostri
1133 570 1269 652 porentia

168 679 313 741 bumauis
325 676 415 737 armis
431 674 514 736 vinci
529 668 642 758 potest)
650 713 660 753 ,
677 674 730 733 aad
744 674 832 733 nobis
844 695 907 735 non
918 676 982 738 sina
993 676 1112 759 capitali
1131 677 1270 757 periculo

167 783 320 842 minatur:
348 788 379 839 et
405 778 449 837 ita
477 776 624 853 minatur,
654 784 690 836 ut
712 775 771 837 boc
792 776 977 839 Christianae
991 776 1173 861 reipublicae
1188 787 1272 839 statas

171 884 276 966 (quern
287 882 336 941 val
351 880 426 940 mali
440 879 548 939 ominis
562 898 650 939 causa
662 878 795 955 vitandi,
818 881 867 940 rel
878 882 978 961 nequi
990 902 1022 942 se
1036 881 1198 962 perstringi
1206 900 1272 962 pu-
1375 927 1380 942 .

170 996 252 1062 tent,
270 1004 337 1043 cum
350 982 521 1062 Byzantina
535 980 616 1041 houd
632 979 766 1062 confero)
781 981 880 1041 minae
894 983 959 1043 eiua
974 977 1125 1045 a‘nemine
1144 984 1271 1044 cordato

168 1086 324 1146 contemni
339 1094 458 1163 queant.
503 1083 556 1143 Sin
568 1084 660 1165 aliqui
674 1085 715 1145 ita
729 1094 853 1165 stupent
858 1094 926 1164 ,ut
939 1084 1014 1146 haec
1028 1095 1081 1146 sut
1092 1106 1154 1147 non
1170 1086 1271 1145 incl-s

165 1188 278 1267 ligant:
302 1186 419 1263 aut,si
446 1186 633 1265 intelligunt,
654 1208 717 1248 nou
737 1196 858 1249 curent:
879 1196 948 1265 ant,
970 1187 1135 1268 sicnrsnt,
1154 1210 1218 1249 non
1233 1189 1268 1250 iu

168 1312 205 1351 eo
221 1312 278 1371 pro
292 1288 376 1349 vir-iti
390 1288 556 1364 elaborent,
579 1290 716 1350 omnibus
740 1290 868 1371 privatis
884 1290 1127 1352 contentionibus
1141 1291 1270 1368 omissis,

169 1402 207 1453 ut
217 1389 418 1451 incolumitati
432 1399 551 1450 nostrae
571 1393 764 1453 consulatur:
786 1392 907 1453 euidens
917 1392 1129 1472 indignationis
1148 1391 1268 1451 divinae
1392 1415 1397 1427 ·

170 1504 277 1555 contra
298 1514 374 1569 noa,
405 1501 437 1552 et
456 1492 589 1571 urgentis
610 1494 720 1555 scelera
739 1504 843 1554 nostra
864 1494 1029 1572 vindictae,
1056 1494 1137 1575 quod
1162 1502 1269 1553 auctor

166 1596 218 1657 lric
230 1606 335 1657 noster
350 1595 454 1655 crebro
472 1596 625 1675 queritur,
648 1606 855 1675 argumentum
868 1599 902 1658 id
916 1619 981 1660 esse
994 1598 1142 1661 videatur.

254 1698 402 1778 Equidem
414 1696 494 1757 inter
507 1698 743 1758 convertendum
760 1696 817 1758 lros
828 1700 1004 1780 scriptores,
1027 1720 1095 1759 cum
1111 1697 1151 1757 ad
1165 1698 1268 1775 lmpe-

172 1809 310 1862 ratarum
324 1800 519 1877 iniungendo
540 1820 664 1861 munere
684 1800 888 1874 oscitantiam,
908 1802 1098 1860 tenacitatem
1115 1798 1149 1857 in
1166 1814 1269 1855 necea-

173 1902 273 1979 aariis,
297 1902 483 1981 profusiones
502 1901 535 1961 in
557 1902 765 1983 supervacuis,
788 1912 819 1963 et
835 1903 974 1962 intestina
994 1902 1070 1963 bella
1077 1922 1088 1980 3
1109 1916 1269 1981 procerum

167 2024 241 2065 raro
260 2012 290 2063 et
306 2004 418 2063 ducum
433 2004 590 2085 perfidiam
607 2026 642 2065 ac
659 2005 869 2083 teneritatem,
891 2006 1097 2085 religiosorum
1107 2001 1267 2078 inscitiam,
1371 2042 1380 2066 r

164 2116 196 2167 et
222 2106 261 2166 de
278 2106 350 2165 lana
371 2106 492 2186 caprina
519 2106 619 2185 rixas,
644 2108 808 2189 populique
834 2107 1039 2189 petulentiam
1055 2116 1086 2167 et
1104 2104 1270 2185 ignaviam,

164 2207 300 2267 omnium
313 2206 443 2286 deniqne
454 2207 594 2268 ordinum
609 2217 740 2269 extrema
753 2210 864 2289 probra
872 2210 1086 2290 pervenissem:
1101 2217 1267 2286 contraque

161 2312 334 2372 Tuscorum
346 2309 490 2369 maiorem
500 2309 600 2387 fidem,
609 2312 749 2371 maiorem
758 2310 966 2389 integritatem,
978 2311 1196 2387 tortitudinem,
1205 2308 1267 2369 cle·

158 2413 316 2517 mantiam,
330 2410 461 2471 virtutes
470 2411 605 2491 ipsorum
618 2410 750 2472 hostiurn
762 2411 862 2491 elogiis
871 2414 1041 2491 celebratas,
1054 2414 1206 2493 legissem:
1220 2412 1267 2471 ita
1320 2498 1326 2512 .

159 2536 228 2577 sum
240 2514 341 2575 animo
353 2514 690 2590 commotus,utancoa
703 2512 923 2594 imperiolonge
930 2515 1078 2593 digniores
1084 2515 1265 2576 iudicarem:
1343 2583 1354 2598 ,

161 2628 194 2678 et
209 2618 323 2676 faecem
337 2636 372 2675 ac
386 2614 533 2675 sentinam
547 2615 630 2675 illam
644 2616 827 2677 nefariorum
842 2614 997 2676 bominum
1019 2625 1082 2676 tam
1103 2616 1155 2677 din
1172 2616 1266 2677 tussa

160 2718 346 2779 incolumem
355 2764 365 2793 ,
384 2736 441 2787 nec
461 2716 551 2777 citius
567 2736 736 2797 oppressam
753 2738 828 2795 asae,
850 2718 977 2780 mirarer
989 2720 1193 2799 potiusquam
1206 2718 1266 2775 mi·
1342 2755 1348 2768 ·

158 2842 287 2883 sereser.
329 2819 394 2879 Etai
416 2819 456 2879 ad
477 2818 764 2879 commiserationem
780 2820 878 2881 clades
896 2821 983 2896 illae,
1014 2829 1046 2879 et
1065 2817 1267 2879 florentissimi

155 2923 421 3007 potentissimiqne
435 2918 585 3000 quondam
597 2920 718 3001 Imperii
733 2920 843 2997 ruina,
864 2930 895 2981 et
909 2921 1094 2983 Christianae
1114 2919 1266 3000 religionis

156 3046 175 3086 e
193 3036 243 3085 tot
260 3026 451 3106 amplissimis
462 3024 627 3107 provinciis
639 3022 819 3103 profligatio,
841 3021 892 3080 vel
905 3042 977 3080 saxa
994 3043 1184 3084 commovere
1193 3043 1265 3103 pos·
1294 3062 1307 3082 .

154 3128 237 3187 sint:
269 3137 390 3189 nomos
412 3138 512 3189 autem
533 3126 686 3201 homines,
715 3124 810 3185 simili
826 3131 905 3183 statu
922 3145 1044 3203 rerum,
1067 3145 1124 3187 nec
1139 3125 1265 3185 illorum

152 3230 384 3307 misericordia,
405 3252 462 3293 nec
482 3230 588 3291 similia
610 3226 694 3288 exitii
715 3234 798 3287 metu
818 3227 998 3289 commoveri
1015 3229 1055 3289 sit
1074 3228 1263 3289 mirandum:

152 3352 217 3393 arec
227 3334 446 3414 desperandum
460 3340 577 3407 tanam,
599 3331 663 3390 fore
679 3327 807 3404 multos,
829 3327 884 3407 qui
896 3328 944 3390 bis
961 3351 1024 3391 non
1037 3331 1128 3392 modo
1142 3330 1181 3391 ad
1204 3350 1264 3391 vo·

155 3434 325 3512 luptatem,
346 3436 501 3496 sedetiam
517 3434 556 3494 ud
570 3432 720 3514 publicam
736 3430 898 3491 utilitatem
911 3433 1059 3513 legendis,
1080 3444 1167 3495 tuum
1185 3451 1264 3495 con·

157 3533 265 3594 silium
280 3536 437 3616 laudaturi,
460 3547 490 3599 et
502 3537 581 3597 inter
592 3544 708 3595 caetera
724 3544 898 3594 ornamenta
915 3537 1150 3618 quamplurima
1160 3520 1266 3596 numo

155 3635 353 3715 saturiani,
373 3640 425 3720 qui
438 3639 552 3701 illustri
564 3636 746 3699 monimento
761 3637 890 3718 posteris
903 3638 993 3699 etiam
1013 3640 1185 3701 consultum
1206 3658 1265 3696 vo·

154 3738 275 3803 luerisr
304 3750 334 3799 et
357 3742 522 3801 multorum
541 3740 673 3813 animos,
694 3739 743 3799 his
766 3738 905 3820 operibns
929 3740 962 3801 in
983 3728 1142 3823 publicdm
1163 3737 1265 3818 editis,

155 3840 199 3903 ad
214 3840 333 3922 patriae
348 3841 548 3904 defensionem
562 3842 674 3903 maiore
688 3841 789 3903 studio
803 3842 1024 3923 suscipiendam
1040 3840 1189 3905 excitans.

243 3942 345 4023 Atque
364 3943 439 4007 haec
458 3948 496 4008 de
523 3944 657 4006 historia.
699 3944 743 4003 De
768 3954 890 4005 auctore
906 3968 971 4007 non
989 3946 1092 4008 multis
1110 3950 1156 4001 eat
1178 3956 1263 4022 opus.

155 4044 231 4106 Nam
245 4066 307 4133 quo
320 4047 453 4127 ingenio,
475 4048 624 4124 doctrina,
644 4046 794 4122 facundis,
815 4049 995 4111 auctoritate
1014 4044 1096 4127 apud
1108 4064 1179 4105 auos
1194 4045 1263 4105 lue-

158 4147 217 4223 rit,
236 4148 301 4229 ipae
315 4150 437 4211 abunde
451 4151 592 4212 declarat.
636 4147 732 4221 Quem
757 4166 826 4207 cum
849 4170 882 4209 ea
905 4171 981 4231 quae
993 4150 1031 4207 de
1045 4146 1191 4212 Miubatle
1202 4151 1287 4215 Paae.

158 4248 291 4329 laeologo
305 4272 402 4333 usqne
415 4252 454 4313 ad
469 4254 677 4315 Catelrnorurn
691 4250 729 4309 ab
743 4250 918 4311 Andronico
934 4250 1051 4311 seniore
1061 4250 1275 4334 delectionem,

158 4349 277 4428 scribit,
296 4372 315 4413 a
332 4354 461 4436 Georgia
474 4356 669 4438 Pacbymcrio
682 4364 853 4417 mutuatum
868 4373 945 4430 esse,
966 4360 1056 4432 atqua
1067 4354 1102 4412 in
1117 4372 1262 4431 compen·
