3017 4742
282 366 360 415 nm
471 346 716 422 NlCEPHORl
730 347 971 419 GREGORAE
992 348 1172 419 moult.

279 518 351 663 epp·
367 514 424 577 cori
451 504 577 595 χρόνον,
596 504 681 586 dorne
703 508 757 573 cal
776 514 910 574 πιιῖοιιι
928 530 993 573 cos
1004 507 1033 591 ¹)
1055 501 1183 593 ἆγαθὸν
1205 499 1380 591 petrinam

278 624 299 662 ι
344 620 448 682 ρωποι.

483 712 681 799 Lampenua
706 644 952 777 Tarchoniotes
977 708 1162 827 Gregoroc·

360 820 474 901 Nempe
488 816 623 897 quilibet,
644 814 737 875 habili
751 816 789 875 ad
805 814 1029 895 percipiendam
1043 823 1137 874 artem
1150 811 1271 891 ingenio
1286 832 1378 893 prae·

277 906 417 982 ditus,
393 927 420 964 ιι
440 902 633 965 simulacrum
657 902 823 981 aspexerit,
846 922 910 961 non
929 900 1019 959 facile
1037 899 1074 959 ab
1090 919 1125 959 eo
1148 918 1205 957 nec
1228 897 1288 957 nisi
1307 898 1379 956 mo-'

275 992 351 1051 leste
375 990 520 1063 discedet,
542 1007 577 1045 ac
585 980 750 1067 spectandi
769 986 922 1086 voluptate
943 985 1060 1064 expleri
1075 1004 1140 1043 non
1154 982 1283 1064 ριιιιιιι
1304 982 1377 1043 illos

276 1086 375 1136 autem
388 1074 441 1155 qui
459 1074 492 1133 in
505 1070 653 1133 orationes
671 1079 753 1147 tuas,
775 1070 861 1151 quasi
877 1068 911 1132 in
931 1069 1092 1131 simulacra
1114 1072 1259 1146 animata,
1281 1068 1378 1129 oculis

215 1147 218 1161 ’
276 1160 382 1221 defixis
404 1160 543 1231 haerent,
564 1154 662 1215 illos
652 1177 776 1235 inquam
795 1156 919 1237 pulchri
936 1157 1056 1215 satietas
1079 1152 1195 1252 capiet,
1217 1113 1270 1213 atit
1286 1154 1378 1215 citius

275 1247 299 1307 ii
320 1244 475 1305 discedent
497 1242 533 1301 ab
552 1241 615 1301 illis
636 1242 741 1315 rebus,
765 1262 839 1321 quae
856 1242 1015 1340 oculorum
1026 1240 1134 1300 mentis
1147 1239 1255 1319 epulae
1271 1251 1301 1299 et
1320 1238 1378 1301 de-

274 1332 362 1392 liciae
379 1330 470 1391 suntl
499 1326 536 1387 Id
557 1326 677 1407 quidem
691 1347 797 1403 nemo,
812 1336 848 1385 nt
869 1330 994 1409 opinor,
1016 1325 1154 1387 dicturus
1169 1333 1230 1401 est,
1253 1322 1306 1405 qui
1326 1345 1378 1385 ra-

273 1416 365 1477 tionis
379 1437 438 1477 usu
453 1416 619 1476 instructus
632 1411 681 1473 sit
726 1412 797 1489 Ego,
820 1432 880 1490 quo
901 1423 1036 1493 tempore
1050 1430 1187 1509 magnam
1200 1408 1306 1469 urbem
1321 1408 1378 1469 ha-

272 1502 418 1579 bitabam,
439 1500 605 1582 praeclaras
625 1506 693 1559 tuas
718 1496 938 1595 disputationes
961 1495 1066 1558 mirari
1087 1494 1171 1557 haud
1190 1494 1375 1556 desinebam.

255 1608 361 1648 -nemo
376 1595 441 1647 erat
455 1584 604 1661 eruditus,
626 1582 678 1661 qui
694 1603 757 1641 non
772 1582 909 1644 conscius
925 1579 1002 1641 mihi
1017 1592 1096 1643 esset
1110 1580 1334 1665 applaudanti'
1323 1601 1376 1639 ιιι-

273 1673 352 1752 genii
373 1672 420 1731 tui
453 1668 598 1746 foetibus,
626 1678 656 1729 et
680 1666 856 1732 honorificis
878 1667 1047 1751 praeconiis
1072 1688 1123 1732 θοι
1145 1664 1377 1729 commendanti.

273 1758 315 1817 Δι
329 1778 411 1817 nunc
424 1775 476 1815 eos
495 1754 604 1829 libros,
626 1774 702 1831 quos
717 1750 779 1813 hoc
794 1775 873 1813 anno
890 1756 921 1813 in
934 1753 1033 1813 lucem
1048 1745 1187 1829 emisisti,
1209 1751 1302 1831 magis
1318 1750 1377 1811 ιιι-

271 1843 380 1921 miror3
403 1859 583 1921 quamquam
596 1838 726 1916 egregias
736 1838 887 1899 orationes
902 1837 1172 1919 quamplurimas
1162 1848 1300 1897 sarnante
1314 1836 1377 1897 edi-

273 1928 374 2003 derna,
397 1944 513 1986 morum
528 1922 687 2001 grovimte,
708 1922 926 1983 sententiarum
946 1924 1110 2001 dignitate,
1130 1924 1292 1985 verborum
1307 1943 1378 1985 ma-

271 2012 375 2071 iestate
396 2008 493 2069 nihilo
517 2007 673 2067 inferiores
692 2006 827 2067 Platonis
845 2008 1041 2073 orationibus.
1080 2007 1200 2089 Quippe
1220 2020 1249 2067 et
1269 2008 1377 2087 figuris

271 2106 303 2160 et
330 2092 544 2175 compositione
580 2100 610 2151 et
638 2093 801 2152 verborum
829 2102 899 2173 apta
927 2093 1125 2155 collocatione
1152 2103 1183 2152 et
1210 2092 1377 2153 coniuncta

271 2202 341 2243 cum
361 2181 506 2241 suavitate
527 2176 614 2259 copia
635 2177 886 2259 etpersuadendi
906 2176 936 2237 vi
962 2177 1113 2239 rhetorica
1134 2177 1202 2237 illas
1227 2177 1374 2259 aequipa-

270 2276 349 2339 rant,
369 2285 445 2345 quae
465 2264 502 2323 nb
522 2261 669 2323 oratoriae
692 2264 765 2323 artis
789 2262 927 2344 principe
939 2264 1131 2325 elucubratae
1146 2264 1279 2329 suerunt.
1325 2262 1374 2328 dd

270 2350 452 2411 eiuscemodi
474 2350 621 2411 orationes
642 2370 709 2409 cum
734 2358 764 2407 et
785 2350 965 2426 magnanimi
987 2348 1146 2424 Demetrii,
1167 2359 1198 2409 et
1217 2348 1278 2409 ιιιιι
1295 2369 1374 2431 quae

272 2438 366 2497 Deum
377 2434 494 2497 arcanis
510 2432 676 2495 rationibus
690 2434 819 2513 peperit,
838 2434 944 2496 laudes
958 2434 1142 2511 adiunxeris,
1157 2455 1287 2514 quonam
1303 2434 1374 2531 (pu-

270 2520 327 2601 tas)
342 2542 409 2600 erga
427 2530 457 2580 te
471 2540 560 2580 sensu
574 2518 700 2579 affecisti
712 2516 862 2599 politioris
875 2520 1063 2582 litteraturae
1077 2519 1250 2581 studiosos?
1279 2519 1374 2601 Ειιιι-

269 2606 337 2667 dem
360 2615 510 2687 quotquot
528 2604 579 2665 hic
596 2605 720 2683 degunt,
743 2623 795 2661 eos
818 2605 932 2683 primus
947 2626 982 2665 ac
999 2606 1080 2667 solus
1094 2626 1210 2667 mecum
1223 2606 1257 2667 in
1271 2606 1373 2669 admi·

268 2692 415 2754 rationem
426 2690 523 2789 rapui.
555 2688 683 2765 Quod
660 2710 683 2748 ιι
699 2698 729 2749 et
742 2688 819 2749 illud
832 2690 894 2750 dici
905 2690 1003 2768 debet,
1023 2692 1114 2769 magia
1128 2692 1266 2773 prolecto
1280 2714 1373 2773 quam

268 2788 354 2838 antea
374 2776 487 2856 ingenii
513 2775 558 2835 tui
576 2772 749 2851 magnitudo
768 2794 852 2833 nunc
875 2736 1003 2835 demum,
1006 2776 1113 2838 eluxit.
1154 2776 1301 2837 Nimirum
1315 2778 1374 2837 do-

268 2865 396 2925 ctrinam
414 2861 448 2923 in
461 2862 521 2921 tuis
542 2859 681 2939 operibus
695 2859 898 2935 reconditam,
919 2860 1029 2941 partim
1047 2882 1065 2919 ι
1078 2860 1252 2941 plerisque
1242 2882 1374 2943 1„nora-

266 2958 339 3025 tarn,
353 2947 462 3028 partim
472 2966 585 3021 eorum,
594 2944 646 3027 qui
658 2952 811 3023 utcunque
822 2944 1036 3024 intelligerent,
1047 2946 1298 3026 praemeditatae
1288 2946 1373 3007 mvi-

267 3034 333 3093 diae
346 3032 515 3107 obnoxiam,
528 3027 715 3108 quantumin
728 3028 815 3089 nobis
826 3028 905 3091 suit'
896 3039 939 3089 ιιι
950 3032 1168 3112 explicuimus,
1182 3041 1218 3091 ut
1227 3042 1258 3093 et
1269 3031 1371 3093 invidi

265 3120 422 3197 praecluso
434 3137 485 3177 ore
495 3116 744 3193 obmutescerent,
757 3124 788 3173 et
797 3123 917 3175 nostrae
927 3116 1136 3197 approbationi
1146 3118 1274 3185 aliorum
1282 3138 1370 3199 prae-

264 3211 347 3261 terea
361 3202 561 3281 complurium
572 3200 712 3278 suffragia
726 3200 912 3260 accederent.
937 3200 1060 3282 Iamque
1070 3202 1144 3263 adeo
1156 3213 1186 3263 te
1199 3225 1263 3265 nou
1276 3202 1369 3263 huius

257 3295 384 3347 tantum
400 3296 537 3363 nostrae,
557 3295 610 3345 aut
625 3284 689 3345 eius
704 3305 780 3364 quae
795 3284 934 3366 proxime
945 3289 1108 3369 praecessit
1124 3289 1247 3365 aetatis,
1269 3289 1369 3352 sedet

263 3372 451 3452 superiorum
463 3381 632 3451 temporum
647 3370 773 3431 eruditis
785 3371 933 3447 omnibus,
951 3393 1080 3451 quorum
1091 3373 1163 3434 libri
1173 3383 1368 3435 monumenta

263 3466 334 3517 sunt
351 3478 525 3535 magnorum
543 3456 746 3534 ingeniorum,
768 3457 912 3517 maiorem
933 3467 1022 3537 atqua
1043 3458 1287 3519 excellentiorem
1300 3469 1368 3519 sta-

178 3534 182 3543 ’
262 3552 326 3602 tuo.
361 3542 449 3617 Quod
463 3552 562 3601 autem
576 3560 639 3601 non
652 3550 764 3603 temere
780 3540 907 3603 idame
922 3563 980 3603 nec
1000 3542 1039 3603 ad
1052 3544 1176 3621 gratiam
1195 3545 1365 3606 ullomodo

261 3628 396 3705 dicatur,
418 3648 485 3687 cum
509 3627 566 3687 slis
588 3616 682 3686 inulta
704 3626 821 3687 abunde
839 3626 1007 3705 declarant,
1029 3637 1093 3689 tum
1107 3650 1140 3687 ιι
1141 3650 1246 3709 ‚quas
1260 3631 1367 3691 statim

261 3712 396 3773 dicturus
415 3732 491 3774 snm.
530 3711 593 3773 Alii
614 3710 737 3793 quidem
758 3712 831 3773 alias
854 3673 1029 3812 disciplinis
1054 3677 1156 3773 etalii
1176 3715 1276 3775 studia
1288 3736 1367 3797 pro·

260 3798 330 3858 fessi
348 3807 434 3873 sunt,
455 3805 547 3877 prout
567 3798 712 3877 cuiusque
732 3799 873 3859 voluntas
897 3808 927 3857 et
947 3799 1122 3859 institutum
1145 3799 1220 3877 tuit,
1240 3810 1294 3862 aut
1317 3801 1368 3877 (nt

259 3884 361 3943 verius
377 3878 488 3961 dicam)
501 3892 624 3943 natura:
639 3883 672 3943 in
687 3883 796 3962 quibus
810 3903 878 3945 cum
891 3884 1102 3944 excelluissent
1116 3893 1147 3944 et
1161 3884 1199 3944 nd
1210 3906 1365 3947 summum

258 3969 478 4047 pervenissent,
501 3976 564 4027 tum
584 3968 704 4029 demum
725 3969 858 4030 aemulos
872 3978 903 4028 et
916 3969 1063 4030 similibus
1074 3968 1228 4032 laboribus
1241 3971 1366 4031 exerci-

259 4060 337 4112 tatos
356 4055 497 4115 visisunt
511 4073 672 4133 superasse.
716 4055 757 4113 At
773 4063 810 4115 tu
825 4053 902 4114 nihil
915 4065 961 4116 est
977 4057 1015 4116 ad
1029 4057 1112 4134 quod
1126 4066 1215 4117 natus
1227 4078 1290 4115 non
1303 4057 1363 4133 sis,

257 4136 345 4214 nihil,
358 4160 416 4217 quo
429 4160 492 4199 non
502 4148 534 4200 te
545 4138 867 4220 ipsumaggregaveris3
879 4139 968 4219 nihil,
983 4141 1017 4201 in
1030 4162 1088 4221 quo
1096 4141 1180 4202 haud
1190 4142 1365 4203 felicissime

256 4222 429 4295 elabereris.
464 4225 522 4287 Sed
535 4225 568 4285 ιιι
582 4225 720 4286 οιιιιιιιιιιι
733 4224 779 4287 ιιι
796 4235 942 4306 santus,
964 4235 1098 4288 utnemo
1112 4226 1145 4289 in
1159 4227 1296 4307 singulis,
1317 4226 1364 4287 tui

290 4354 321 4423 l)
337 4352 410 4410 Fert.
428 4358 493 4413 osis.
