3017 4742
26 40 28 131 l

257 338 330 387 ιιιιι
450 322 692 393 ·Νλ(λΕΡΗΟΒλ
712 320 954 391 GREGORAE
974 320 1150 391 amota

258 482 347 566 μέρος
367 480 519 558 ἐπελθεῖν,
541 476 575 543 vt
596 473 832 583 Ἀριστοφάνους
855 480 952 547 ἐκεῖνο
972 474 1095 562 βοήσει·
1118 472 1187 544 δότε
1204 500 1257 558 μοι
1270 474 1357 541 λεκά-

256 592 325 649 νην,
347 568 379 630 ίν
384 562 508 648 ’ἐμίσοι
534 561 680 645 τοσαύτης
695 565 791 669 γέμει
794 572 850 647 τῆς
866 560 993 673 άηδίας
1015 566 1066 628 καί
1085 561 1165 630 οότοι
1177 559 1357 669 παντοδαπή

255 657 300 729 τίς
315 654 375 716 ἐστι
389 651 441 715 καί
456 652 576 732 ποικίλη
590 656 693 714 κακοῖν
708 645 791 732 φορά
806 694 913 713 .....
926 646 1041 758 Ἐρατᾷ
1053 648 1145 717 δί’
1100 674 1184 714 πανυ
1200 644 1358 733 άγροίιιας,

255 735 412 847 άφανίζοιν
430 733 483 800 τόν
497 736 566 820 περλ
577 741 671 800 ταῦτα
688 734 815 818 κόσμον,
836 731 939 799 κάλ’
901 760 957 799 ουκ
966 713 1136 841 γήδίσθη“
1100 760 1163 839 την
1171 734 1357 837 ἐπωνυμίαν,

253 817 294 906 ής
309 828 452 887 κοινωνεῖ
462 829 526 896 τοῖς
539 816 797 901 φιλοσόφοις...
814 816 923 885 .Ἀλλδ
941 827 1033 883 ταλλα
1049 816 1255 929 μιμησάμενος
1269 812 1358 881 λλλά-

252 932 344 985 τοινα,
367 904 457 972 ότιτε
472 903 677 1011 διαλόγουςτά
688 901 1010 1015 συγγράμμαιακαλεῖ,
1021 904 1105 969 ataal‘⁸
1087 902 1191 982 οτιτό,
1212 930 1236 967 οι
1225 897 1356 985 ’ἑταίρη

253 990 358 1057 atal⁸
323 1018 367 1069 το,
384 987 464 1074 μάλα
480 987 575 1095 μόλις,
596 989 696 1054 atol⁸
661 1016 706 1068 το,
726 988 781 1071 οιίγ
797 984 918 1076 ἕκηιό’
903 998 1009 1071 ιταῖρτ,
1030 989 1132 1055 καλτά
1146 995 1271 1053 τοιαῦτα
1286 1008 1358 1052 συν·

253 1081 344 1187 είρει,
366 1084 454 1142 τοῦτο
482 1071 576 1158 μόνον
589 1072 645 1141 οάκ
660 1038 824 1181 dpip6oovo
840 1120 939 1138 .....
958 1075 1002 1139 Τά
1019 1072 1160 1158 λήμματα
1174 1074 1207 1139 di
1220 1082 1355 1158 γενναῖα,

252 1166 306 1228 καί
328 1128 378 1229 όία
401 1160 520 1244 σιωπήν
544 1162 741 1269 ἐπενέγκαι
713 1168 754 1226 τῶ
772 1167 910 1248 Παλαμρῖ
938 1159 1124 1268 λοιδορία
1087 1186 1145 1267 γαρ
1159 1160 1283 1224 ἕκαστον
1295 1185 1358 1265 μα-

252 1242 312 1330 κρά
334 1272 379 1322 τις
399 1248 452 1312 καλ
471 1244 648 1330 παντοδαπή
671 1226 794 1355 κοίτης
804 1226 941 1322 διανοίας
961 1243 1033 1323 άξία
1045 1272 1099 1310 τοο
1087 1242 1302 1352 ”φιλοσόφου·
1322 1241 1358 1320 ὃς

255 1333 369 1399 είδέναι
391 1332 446 1417 μίν
462 1336 666 1437 ἐπαγγέλλεται
682 1328 765 1396 τάτ’
777 1330 866 1407 ὄντα,
887 1328 954 1396 τάτ
958 1327 1123 1413 'impe-ao,
1144 1326 1235 1413 πρότ
1240 1325 1356 1395 ’ἐόντα

254 1420 308 1483 καί
333 1415 391 1505 γάρ
408 1419 458 1482 καλ
474 1414 673 1529 χρησμολόγος
690 1442 735 1493 τις
747 1415 824 1481 είναι
839 1414 979 1524 βούλεται
993 1420 1111 1494 δοκεῖν,
1133 1418 1186 1481 καλ
1199 1409 1357 1479 Χαλδαῖκά

253 1528 323 1568 τινα
345 1507 493 1587 συνείρει,
514 1505 567 1567 καί
587 1500 710 1607 μύθους
724 1528 776 1567 και
764 1499 914 1588 ’ἐπῳδας
926 1508 1082 1583 πανταχοῦ
1095 1525 1215 1583 καταχει
1228 1507 1289 1565 τάν
1304 1494 1358 1564 λό-

252 1612 329 1697 γαν.
348 1588 367 1654 ό
380 1593 484 1653 τοίνυν
497 1596 562 1653 πάν
576 1589 666 1671 μέρος
678 1584 767 1695 λόγου
784 1586 972 1694 συναγαγών
975 1584 1165 1671 η’γνόησιν,
1139 1584 1195 1651 ότι
1210 1590 1358 1650 καλοῦσιν

255 1676 288 1737 ol
309 1670 558 1750 άποδεικνόοντες
572 1680 690 1755 λῆμμα,
714 1672 753 1737 άν
767 1696 800 1736 τε
814 1669 972 1758 λογικοῖς”
951 1698 991 1735 αν
1005 1698 1036 1735 τε
1050 1678 1267 1777 μαθηματικας
1277 1665 1358 1734 άπο·

255 1761 350 1834 δεῖξαι
371 1758 440 1845 δίη·
465 1755 540 1822 άλλά
557 1757 615 1841 τήν
632 1761 787 1865 λοιδορίαν
800 1764 903 1839 λῆμμα
917 1753 1124 1821 ἐκάλεσεν...
1141 1759 1225 1820 ,Καὶ
1247 1753 1357 1838 οἶστρο-

252 1849 373 1925 νομοῑν,
395 1844 429 1906 ἐν
447 1838 565 1951 γλοόσση
594 1842 650 1925 μὲν
670 1838 760 1947 attilly
780 1843 865 1924 φίρει
888 1847 942 1923 τῆς
963 1838 1144 1925 ἐπιστήμης·
1167 1838 1357 1946 σφαιρῶνόλ

252 1926 469 2011 ἐμπίπλησι“
432 1952 489 2007 την
503 1870 618 1993 οἰκίαν·
633 1930 685 1991 καί
698 1926 798 1991 πάντα
810 1931 937 2010 βιβλίων
949 1928 1033 2009 γέμει
1043 1954 1095 1991 και
1085 1922 1355 2010 ’διαγραμμάτων

251 2014 304 2077 καλ
325 2016 493 2093 σκίμποδας
512 2010 598 2077 καλ’
579 2010 718 2119 ορόφοιις
738 2012 863 2093 μεστοάς
885 2014 1123 2077 ἐπιδείκνυσι
1082 2038 1140 2095 της
1154 2017 1281 2091 σοφίας,
1302 2009 1356 2121 aopi

251 2094 353 2162 πάντα
373 2094 528 2177 μαλλον
506 2124 526 2178 η
551 2096 608 2177 τήν
633 2095 808 2205 ψυχήν...
823 2094 890 2161 .οά
910 2103 1000 2161 τοιλτο
1020 2103 1125 2163 τοίνυν
1141 2094 1288 2179 θαυμάζω
1300 2094 1356 2161 τότ

252 2181 437 2264 ἅνθρωποι·
457 2178 526 2245 ἄλλ’
542 2178 622 2246 ἄνθ’
641 2176 683 2245 τόν
698 2142 846 2284 ἐδυνήθη,
867 2180 905 2246 τά
923 2180 1154 2264 μὲνδιόάσιιοιν,
1174 2209 1210 2246 τα
1203 2181 1356 2264 ’δὲμαν-

252 2265 372 2346 θάνοιν,
395 2268 428 2331 ἐν
439 2267 571 2354 τοσοάτῳ
583 2264 704 2372 πελάγει
717 2268 768 2331 καλ
782 2266 893 2350 χρόνον
907 2270 956 2330 καλ
969 2264 1076 2351 λόγοιν,
1092 2266 1150 2374 τήν
1160 2266 1265 2350 ψυχήν
1277 2266 1356 2349 aipe-

250 2358 300 2435 θή
317 2355 513 2457 διατηρῆσαι·
535 2333 675 2435 καθάπερ
690 2351 763 2427 τοιίς
775 2352 1023 2434 θαυματοποιοάς
1038 2350 1255 2437 θαυμάζομεν,
1276 2350 1355 2417 άπα-

250 2445 323 2515 θεῐς
335 2444 439 2503 κακοῖν
454 2439 579 2521 καὶπῦρ
593 2439 645 2502 καλ
655 2436 738 2523 ὕδωρ
751 2439 804 2503 καί
817 2442 893 2518 ξίφη
906 2440 1122 2520 διερχομένοις.

547 2572 593 2639 In
618 2571 796 2662 Gregoroe
817 2571 1055 2641 deliramenta.

335 2692 375 2752 At
398 2692 561 2773 (ingeras,
583 2694 632 2754 vir
652 2694 768 2754 seilicet
787 2694 1042 2774 sapientissimus,
1065 2715 1100 2755 aa
1113 2696 1139 2756 ai
1153 2696 1182 2757 ei
1197 2695 1269 2755 'satia
1289 2716 1356 2756 non

250 2775 287 2838 σίι
297 2778 458 2857 Byzantios
474 2782 506 2839 in
522 2780 569 2839 aui
586 2780 813 2839 admirationem
832 2780 1023 2856 convertisse,
1038 2781 1119 2861 ipeoa
1135 2782 1355 2861 quoque'slaea·

250 2863 469 2939 unianimam,
491 2866 568 2925 datie
588 2866 713 2940 litteris,
735 2864 767 2923 in
790 2886 859 2924 auae
879 2865 982 2925 laudea
1007 2868 1103 2944 cogit,
1132 2878 1162 2927 et
1181 2869 1301 2927 edormi
1321 2886 1355 2927 ae

251 2956 369 3009 tantum
385 2969 448 3008 non
463 2951 562 3009 iubet·
554 2970 691 3031 ,nempe
706 2950 742 3009 ab
753 2949 925 3011 λιοαιιιιιλιιιτ
941 2951 1042 3009 liberie
1049 2972 1132 3030 ‚qua
1124 2952 1227 3013 nihil
1241 2954 1281 3011 ad
1295 2974 1355 3013 cu-

250 3032 388 3112 inaquam
403 3036 527 3135 gratiam
537 2994 744 3121 aiacupamdam
755 3056 809 3097 eeu
821 3037 921 3097 dicere
932 3056 985 3095 seu
993 2996 1089 3095 ίιιοόιο
1098 3039 1280 3115 didicerunt,
1293 3048 1354 3101 etc.

249 3118 381 3178 Primum
397 3121 470 3181 illud
488 3125 592 3219 mirpr,
607 3122 689 3201 quod
704 3121 872 3181 admirandi
888 3121 1196 3183 Theamlouioenaium
1209 3124 1354 3185 antistiti·

247 3203 382 3283 linguam
398 3208 452 3263 et'
443 3226 541 3283 ignem
555 3208 587 3266 in
605 3228 636 3267 ae
650 3208 719 3267 inde
736 3216 941 3286 erumpentem
953 3226 1077 3285 ignorat
1079 3209 1151 3267 erat
1174 3220 1239 3269 tum
1252 3209 1353 3286 σιίσαι,

248 3290 331 3368 quod
349 3308 381 3347 ae
403 3310 421 3348 a
441 3290 753 3353 Thessalonicensibus
774 3294 848 3353 bene
872 3292 1046 3351 auditurum
1071 3294 1215 3373 sperarit,
1244 3294 1299 3373 qui
1321 3304 1356 3354 et

248 3367 322 3432 olim
338 3374 439 3435 nescio
456 3398 515 3455 quo
530 3379 590 3438 lato
606 3378 783 3437 vilissimum
797 3397 865 3437 eum
878 3375 1059 3455 babuerunt,
1081 3380 1163 3457 qaod
1176 3380 1216 3439 ad
1230 3379 1354 3440 dicendi

247 3459 421 3519 facultatem
436 3464 585 3540 attineret,
604 3484 692 3543 quam
705 3473 790 3523 tanto
806 3463 866 3522 iam
879 3472 1015 3543 tempore
1029 3464 1205 3543 profitetur·
1226 3474 1257 3524 et
1272 3486 1353 3525 euu-

247 3543 315 3605 dem
338 3565 420 3605 nunc
442 3549 478 3607 de
493 3550 553 3609 lleo
577 3550 654 3611 male
673 3558 703 3609 et
724 3548 815 3629 impie
832 3550 942 3609 sentire
959 3549 1101 3622 credunt,
1122 3560 1179 3611 etc.
1216 3550 1353 3613 Acttber

246 3628 397 3709 quidem
388 3652 452 3711 ipae
470 3634 604 3714 parentia
623 3634 670 3695 eui
700 3645 793 3716 caput
813 3654 918 3713 magna
939 3636 1068 3714 quadam
1094 3646 1125 3695 et
1146 3636 1353 3697 turbidissima

245 3716 379 3796 procella
402 3720 544 3818 agitatum
557 3721 669 3799 arguit,
692 3722 766 3781 adeo
786 3721 923 3781 utillum
938 3719 1023 3791 euius
1037 3721 1136 3781 foetus
1150 3728 1195 3780 eat
1207 3721 1279 3781 satie
1294 3721 1352 3782 de·

246 3802 357 3880 claret,
379 3812 410 3863 et
425 3806 520 3865 riuum
541 3805 746 3873 vehementem
758 3816 886 3870 moveat.
928 3806 1003 3865 Nam
1017 3807 1116 3885 primo
1135 3806 1232 3867 eiusce
1249 3807 1352 3887 operio

245 3906 358 3949 nomen
376 3888 606 3968 incertumst,
629 3907 686 3953 n'ec
704 3893 803 3953 ullum
825 3891 959 3973 suppetit
978 3891 1108 3971 quod'
1083 3912 1109 3951 ea
1123 3892 1298 3969 conveniat,
1315 3902 1352 3955 ut

246 3991 304 4031 nee
323 3973 360 4033 iio
392 3994 466 4054 quae
486 3989 603 4058 praeter
627 3989 765 4039 naturam
791 3977 970 4057 gignuntur,
992 3988 1048 4039 etc.
1085 3977 1198 4039 Deinde
1218 3938 1350 4057 aingiilaa

246 4056 318 4117 libri
337 4072 438 4139 partes
459 4064 594 4141 legere
571 4085 595 4123 ιι
608 4066 674 4143 quia
686 4075 733 4125 eat
746 4065 800 4144 qui
814 4064 978 4142 aestimat,
997 4063 1025 4123 ia
1042 4062 1120 4123 illud
1139 4062 1350 4143 briatoplaanie

213 4144 442 4236 exclamabit,
468 4148 678 4230 detepelva'm,
700 4162 736 4211 ιιι
757 4172 895 4211 νοπιαιιιι
916 4159 999 4209 tanta
1024 4148 1158 4210 abundat
1177 4149 1351 4224 ίαιιιλιλισις

213 4199 319 4289 adeo
340 4214 500 4329 multiplex
522 4246 552 4296 et
564 4256 647 4299 vana
658 4237 738 4298 meet
759 4238 905 4299 malarum
920 4255 1021 4295 rerum
1035 4235 1180 4314 colluvio,
1201 4244 1259 4295 etc.
1293 4234 1352 4293 Eat

247 4326 346 4377 autem
357 4317 390 4376 iu
402 4318 614 4403 interrogando
627 4324 750 4386 οιιιιιίιιο
766 4322 897 4405 agmatia,
918 4330 949 4383 et
963 4300 1124 4403 probatum
1137 4281 1218 4381 λιόο
1207 4340 1243 4381 ιιι
1253 4338 1288 4380 aa
1299 4320 1350 4379 le·
