3017 4742
372 301 606 382 HISTORIAE
625 307 904 381 BYZANTINAE
924 311 982 382 XI.
1007 319 1056 384 11.
1158 293 1235 376 565

143 481 229 568 ἱερῶν
242 481 363 548 ίκείνιον
374 475 499 563 χειλίων
513 473 588 552 τσδς
603 470 712 560 λόγους
729 471 910 563 προήνεγκεν
923 473 1001 565 ύπίρ
1017 502 1050 544 τε
1067 482 1131 544 τῶν
1143 478 1240 545 θείων
1287 473 1316 526 3·
1333 477 1362 527 ⁰·

143 591 269 667 θεσμῶν
293 587 344 649 καὶ
365 587 421 664 τῆς
442 579 592 661 ἀληθείας
614 577 722 662 αύτῆς.
757 577 980 666 ἀναμνήσθητε
1003 571 1048 646 ὧν
1069 582 1242 669 ἐφθέγξατο
1297 547 1338 664 lm

144 690 213 774 πρίν
226 685 308 771 ἥκειν
323 685 370 751 ἐπὶ
385 681 420 746 τό
437 685 525 764 βῆμα
543 681 663 747 καὶτὸν
680 679 761 768 ἱερόν
777 678 943 768 σύλλογον·
971 675 1013 750 ὧν
1028 709 1062 750 τε
1078 677 1174 761 αὖθις
1187 686 1239 751 ίλ-
1292 680 1360 737 1³41

144 789 212 856 θολν
226 785 332 874 διεξῄει
344 782 425 850 πάνυ
439 807 488 848 τοι
499 790 718 872 μεγαλορσῶς,
745 787 797 850 καὶ
812 783 914 872 ὥσπερ
932 787 962 850 οἱ
975 784 1071 854 πάλαι
1085 793 1148 854 τῶν
1160 751 1406 874 deo-hfflssfn'

119 890 250 976 ὅλόγιον,
272 886 365 955 ὁπότε
377 888 468 963 θείας
481 888 638 964 ἐπιπνοίας
650 888 880 975 ἓμφορηθίντες
895 887 954 972 τὴν
966 895 1106 974 γλῶτταν
1119 874 1292 959 ἐδίδουν-Ὗ·
1306 889 1361 946 2⁸2

144 1000 187 1082 τῷ
210 996 367 1076 δνηχοῧντι
388 993 440 1056 καί
462 989 586 1077 φίροντι
607 988 775 1074 πνεύματι·
807 992 860 1055 καί
881 989 967 1067 όποις
989 998 1047 1057 τοῦ
1064 955 1272 1079 νοσήματοςυ

143 1092 219 1181 ὑπὲρ
234 1101 371 1184 κεφαλῆς
386 1096 641 1180 αίσιρούντοςτοῦ
654 1097 726 1177 βίον
741 1093 777 1161 τὸ
793 1095 906 1180 πόριες,
935 1091 952 1160 ὁ
968 1095 1003 1159 δέ
1023 1095 1079 1161 mix
1089 1097 1242 1182 ίνίδωιιεν,

147 1199 216 1263 ἀλλ’
245 1199 381 1284 ίπίραινε
403 1195 444 1262 τό
467 1198 580 1280 βελτίω
603 1195 689 1281 μύλα
705 1194 909 1284 προθύμως·ι
924 1193 1010 1279 οίμαι
1025 1205 1082 1264 τού
1096 1206 1176 1266 θεοῦ
1187 1227 1246 1284 με·

146 1299 240 1387 γόλην
259 1299 376 1384 ταύτην
395 1299 454 1384 τὴν
475 1301 554 1379 ζέσιν
574 1308 614 1389 τῇ
639 1299 754 1368 τούτου
765 1301 977 1387 χαριοαμίνοσ
990 1308 1098 1388 ψυχῇ,
1122 1303 1177 1368 ἵνα
1191 1330 1246 1371 κο-

101 1407 263 1492 1οροινίδα
276 1403 345 1470 τινὰ
360 1413 426 1480 τοῖς
442 1401 547 1481 ἄλλοις
563 1406 676 1492 Ιἐκείνου
688 1414 840 1491 χρηστοῖς
854 1403 948 1489 ύγῶσι
963 1407 1014 1469 καί
1029 1401 1095 1470 οἷον
1108 1404 1245 1494 ίκσφρό-

145 1532 239 1594 γισμα
267 1504 434 1597 μρότιστον
457 1509 597 1592 ἐπιθείη,
625 1507 660 1574 τό
682 1504 835 1583 τοιούτοις
856 1504 958 1592 λόγοις
980 1504 1165 1592 όγνισθῆναι
1188 1508 1245 1594 τὴν

145 1615 288 1696 γλῶσσαν
310 1609 362 1675 καί
382 1607 534 1686 τοιούτοις
551 1608 657 1694 νόμοις
669 1613 721 1675 καὶ
736 1607 867 1695 δόγμασι
881 1617 1085 1677 σσναπελθεῖν
1100 1609 1195 1677 adedo
1209 1614 1273 1680 ium

147 1719 203 1778 τοῦ
226 1713 330 1796 βίοσ.”
382 1710 452 1802 (Δ)
472 1706 534 1783 Ἦν
549 1737 580 1800 γε
593 1713 656 1798 μὴν
668 1709 685 1780 ό
699 1713 846 1796 βασιλεύς
860 1711 937 1798 ἡδύς
953 1717 1005 1778 καί
1017 1716 1137 1800 χαρίεις
1153 1713 1190 1780 τό
1204 1712 1247 1780 εί·
1282 1779 1293 1800 ,

148 1819 220 1897 δας,
244 1817 281 1883 τό
296 1809 379 1900 ἦθος
394 1813 502 1904 ἱλαρός
522 1819 573 1882 καί
589 1814 769 1904 εὐπρόσιτος
775 1865 787 1897 ,
812 1816 871 1901 τὴν
884 1812 1008 1902 γνώμην
1023 1815 1248 1904 φιλάνθρωπος

100 1933 140 1986 15
149 1921 200 1984 καὶ
216 1915 297 1984 πόνυ
311 1943 358 1984 τοι
375 1915 556 2005 σσμπαθῆς.
590 1917 773 2005 συμβουλήν
787 1943 821 2004 γε
831 1920 894 2004 μὴν
906 1925 970 1984 τῶν
983 1916 1108 1986 πόντιον
1123 1919 1265 1998 ούδενδς,

148 2017 392 2108 προσδεχόμενος
420 2021 583 2107 οὐδεμίαν,
609 2021 690 2112 μόνη
718 2029 758 2111 τῇ
780 2019 893 2088 ἑαυτοῦ
918 2024 1041 2088 διετέλει
1065 2020 1249 2106 πειθόμενος

147 2121 255 2212 γνιύμη
274 2127 327 2190 καί
349 2121 466 2210 γνιύσει.
501 2125 549 2192 διδ
570 2129 621 2191 καί
645 2129 817 2213 κρυψίνους
838 2118 878 2210 ἦν
892 2120 936 2202 ὥς
948 2124 988 2190 τὰ
1004 2125 1104 2191 πολλὰ
1118 2129 1170 2191 καί
1186 2133 1250 2210 βα-

149 2235 243 2294 θεῖαν
262 2229 320 2310 μίν
341 2227 394 2293 διδ
417 2226 528 2315 φρενός
549 2227 760 2317 καρπούμενος
781 2227 919 2294 otilone·
946 2227 1130 2314 ἀνομίλητος
1142 2228 1177 2293 δ’
1193 2222 1249 2295 odo

150 2332 203 2395 καί
224 2335 325 2414 μισῶν
348 2330 417 2417 περί
440 2327 551 2399 ἔαυτόν
572 2339 697 2417 πλῆθος
722 2329 902 2420 ἀνθρώπων
923 2327 1010 2422 δρᾷν.
1065 2329 1131 2423 (Ε.)
1149 2330 1277 2422 &otuu

98 2435 205 2502 saxol
226 2431 297 2500 ούτε
318 2439 493 2516 βασιλικαῖς
514 2435 672 2518 ίνίχεσθαι
697 2436 840 2524 φροντίσι
860 2437 913 2501 καί
935 2433 1093 2518 ἀσχολίαις
1104 2433 1250 2519 ἠνείχετο,
1324 2429 1328 2438 ’

153 2535 225 2602 ούτε
241 2535 304 2620 μὴν
328 2537 361 2602 ἓν
377 2545 448 2613 ταΐς
470 2540 626 2625 μεγίσταις
647 2544 710 2606 τῶν
729 2536 847 2625 ἑορτῶν
859 2537 900 2605 τὰ
914 2543 972 2622 τῆς
984 2539 1143 2622 βασιλείας
1158 2539 1251 2604 ίτίλει

153 2637 281 2722 νόμιμα,
307 2639 364 2717 τᾶς
385 2638 555 2729 θεατρικός
577 2665 658 2729 φημι
679 2643 730 2708 καί
751 2642 928 2726 δημοτελεῖς
948 2641 1074 2724 πομπὰς
1094 2643 1147 2706 καί
1160 2647 1251 2729 φιλο-

154 2740 683 2830 φροσύναςκαλτιλςμεγαλοψόχοσς
697 2745 868 2832 εόεργεσιάς
882 2769 916 2811 τε
925 2741 976 2810 καί
985 2743 1137 2826 διανομὰς
1148 2749 1212 2810 τῶν
1221 2768 1255 2810 τε

149 2843 324 2934 χρημάτων
333 2842 412 2930 ὅμοῦ
422 2849 472 2912 καὶ
487 2845 677 2931 όξιωμότσιν.
693 2845 736 2924 uic
743 2844 924 2914 κινδυνεύειν
931 2848 1076 2914 ἐντεῦθεν
1086 2843 1191 2933 λη’θης
1197 2873 1254 2912 κα-

99 2959 145 3014 25
155 2952 287 3016 ταδῦναι
303 2955 420 3031 βσθοΐς
429 2949 470 3016 τὰ
484 2955 540 3036 τῆς
552 2957 714 3037 βασιλικῆς
726 2951 867 3028 εῧταξίας
879 2948 987 3034 ἔθιμα,
1001 2940 1046 3017 ὧν
1057 2948 1114 3034 τὴν
1127 2947 1254 3035 μνήμην
1268 2961 1300 3017 1³.
1313 2962 1368 3020 ³⁵0

154 3079 309 3134 defensione
322 3095 451 3134 eumarum
462 3079 620 3134 aanotiooom
634 3085 661 3134 et
681 3079 763 3150 ipaiua
775 3078 902 3134 venitatia.
936 3078 1116 3133 Reeordamioi
1129 3094 1197 3148 quae
1211 3078 1254 3132 di·

155 3150 240 3214 xerit,
262 3149 409 3219 priusquam
426 3150 460 3203 ad
480 3157 628 3218 suggestum
645 3149 806 3220 perveniaset
820 3157 848 3202 et
859 3149 892 3201 ad
908 3165 1009 3202 aeorum
1020 3148 1168 3201 conciliator
1186 3165 1254 3218 qaae

154 3219 219 3271 item
232 3235 287 3271 oum
300 3219 416 3272 venierat
431 3218 564 3283 recitarit,
581 3219 689 3272 maximo
706 3235 762 3271 oum
773 3218 876 3288 ingenio
897 3224 926 3271 et
942 3225 1057 3271 veterum
1077 3218 1254 3285 theologorum

154 3287 317 3352 imitatione,
336 3303 391 3339 oum
404 3288 493 3341 divino
506 3287 598 3340 afflatu
612 3288 681 3359 pleni
696 3288 797 3357 lingona
810 3288 941 3341 resonanti
954 3287 981 3340 iu
992 3285 1058 3357 ipaia
1071 3294 1100 3340 et
1111 3286 1252 3357 impellenti

156 3355 262 3426 spiritui
274 3357 509 3410 aooourmodabontr
527 3364 556 3409 et
566 3357 682 3427 quamvia
696 3373 764 3410 mora
777 3355 858 3440 capiti
870 3355 1020 3421 immineret,
1036 3363 1121 3408 tamen
1133 3372 1184 3408 nou
1196 3373 1255 3408 me·

157 3423 241 3488 aerit,
260 3426 305 3478 aad
325 3423 445 3479 alacriter
464 3426 596 3479 admodum
615 3443 648 3480 ea
680 3443 729 3479 uae
743 3426 940 3495 requirebantur
957 3425 1105 3496 peregeritr
1122 3424 1197 3488 lieo,
1213 3423 1254 3478 uti

156 3502 359 3547 conuentaneum
374 3499 432 3557 eal,
449 3511 567 3563 magnum
585 3496 652 3548 buno
662 3445 794 3548 ierrorem
809 3495 891 3547 animo
905 3494 961 3547 eim
973 3494 1086 3563 largito,
1103 3501 1133 3547 ut
1148 3494 1255 3546 ooroui-

157 3565 220 3616 dem
232 3564 357 3632 quandam
371 3563 482 3616 caeteris
494 3564 549 3616 eiua
562 3563 703 3633 praeclaria
718 3563 900 3616 conaminibus
913 3569 941 3616 et
953 3563 1035 3615 veluti
1046 3562 1159 3630 sigillum
1176 3579 1254 3631 prae-

157 3633 345 3685 stantiaairoum
356 3632 524 3701 imprimeret,
539 3631 651 3702 linguam
662 3633 717 3686 eiua
729 3631 872 3686 huiuamodi
883 3632 1042 3685 sermonibua
1141 3648 1155 3682 r
1206 3630 1256 3694 do;

156 3709 191 3754 ut
203 3701 299 3754 talibus
312 3700 413 3770 legibue
433 3708 461 3754 et
480 3702 591 3754 decretio
609 3703 777 3772 promulgatio
788 3721 805 3755 e
821 3701 876 3755 vita
887 3699 1041 3754 diacederet.
1048 3643 1256 3820 ῬἯΙῩΜ

155 3772 203 3823 bio
221 3771 363 3840 Imperator
374 3769 487 3824 iucunda
502 3778 529 3824 et
543 3771 647 3824 amabili
661 3773 764 3842 apeme,
780 3771 872 3825 hilaria
886 3776 914 3822 et
930 3787 1036 3824 aooeaau
1048 3769 1148 3832 facilia,
1183 3785 1256 3822 nma-

155 3857 209 3893 nua
224 3845 251 3892 et
271 3839 488 3894 clementissimae.
523 3839 659 3894 caeterum
673 3839 780 3894 neminie
794 3839 871 3893 ullum
889 3839 1021 3892 coneilium
1033 3837 1200 3903 admittebat,
1216 3835 1257 3890 aui

156 3909 239 3962 nniua
259 3907 402 3962 sententiaa
415 3914 443 3962 et
452 3908 575 3962 scientiae
587 3909 717 3966 inaiateua.
751 3909 845 3979 Itaque
857 3908 980 3978 pleraque
991 3906 1180 3969 denudabat,
1195 3922 1258 3959 oon·

156 3978 220 4030 uilio
228 3977 317 4048 plenus
328 3977 372 4030 ille
384 3978 504 4047 quidem
522 3979 569 4031 aed
580 3993 596 4030 a
608 3977 740 4050 colloquiis
746 3983 775 4032 et
787 3984 862 4032 ooetn
871 3975 997 4030 bominum
1008 3976 1125 4029 alienior.
1141 3975 1206 4043 (V.)
1217 3975 1258 4027 Eo

156 4047 259 4112 fiebat,
276 4053 305 4099 ut
315 4047 496 4116 imperatoriae
508 4063 584 4100 ouras
597 4057 625 4100 et
635 4047 816 4117 occupatiooea
827 4055 1001 4110 evernantur,
1019 4062 1050 4099 ao
1060 4063 1093 4099 ue
1105 4044 1133 4098 in
1145 4042 1260 4097 maxim&

157 4115 265 4185 quidem
282 4115 468 4168 festivitatibua
488 4115 605 4170 aolennia
623 4116 727 4187 Imperii
747 4116 849 4179 obiret,
864 4115 910 4168 illa
924 4113 1055 4179 nimirum,
1072 4130 1139 4184 quae
1152 4112 1185 4166 ad
1199 4129 1261 4182 ape·

157 4185 263 4238 otaoula
273 4192 301 4237 et
313 4183 428 4254 publioae
440 4201 548 4258 pompae
565 4191 593 4239 et
605 4185 772 4240 salutatione·
783 4184 1017 4238 etmum'lioentiam
1027 4182 1220 4255 imperatoriam
1232 4184 1261 4234 et

156 4253 370 4306 distributionem
388 4255 553 4325 pecuniarum
566 4262 594 4309 et
606 4257 726 4310 bonorum
740 4255 908 4325 pertinerent.
941 4252 981 4305 Ut
993 4254 1044 4307 iam
1057 4251 1200 4336 peripnlurn
1215 4249 1260 4333 ait,

156 4340 195 4377 ne
219 4322 404 4391 Imperatoriae
421 4323 573 4395 diaoiplinao
588 4324 724 4392 inatitnla,
742 4341 849 4408 qnorum
869 4321 1014 4380 memoriam
1033 4322 1130 4395 ringula
1149 4320 1262 4376 vienn
