3017 4742
383 299 621 371 mentuunt
643 298 883 369 GREGORAE
902 300 1023 371 VITA.
1172 314 1254 365 un

155 462 243 545 gavit.
286 460 387 521 Nocte
410 469 512 521 autam
533 460 670 541 proxime
685 460 865 539 subsequuta
880 460 1061 541 Byzantium
1076 472 1254 543 occupatum

154 550 398 609 scanucuzeno
413 546 449 604 ¹.

238 634 300 693 Hic
315 633 409 711 longo
423 544 494 692 sinte
512 652 602 713 quarn
618 641 693 693 esset
708 631 745 691 ad
763 652 933 711 supremun
945 632 1120 712 dignitatem
1133 644 1255 696 evectus

153 718 361 801 Nicephorum
376 718 539 797 Gregorsm
560 720 593 778 in
616 717 730 777 intimis
747 716 900 779 babuerat.
940 719 1122 780 Litterarum
1143 721 1258 802 quippe

154 805 267 866 studiis
280 826 299 862 a
312 823 406 885 puero
421 822 518 882 usque
533 804 650 863 deditus
665 802 693 885 ²)
715 803 832 863 amabat
846 804 929 863 viros
945 805 1065 881 doctos,
1086 814 1203 865 etcum
1217 806 1256 867 iis

157 892 297 969 trequem
312 889 556 949 conversabatur.
585 888 647 948 Ubi
664 908 764 948 retum
777 889 893 970 potitus.
903 888 996 970 osv),
1013 891 1121 951 vetaris
1133 890 1255 970 quida·

156 975 368 1037 familiaritatis
389 974 438 1034 ius
459 974 607 1054 integrum
628 974 674 1033 illi
689 975 835 1035 amvavits
858 974 910 1033 aad
923 976 1103 1056 plus'aequo
1119 976 1152 1036 iu
1167 978 1253 1036 Pala-

156 1061 246 1121 mitas
256 1080 425 1141 propensus
443 1080 510 1140 spes
523 1061 699 1140 praeclaras,
711 1080 785 1139 quas
797 1058 867 1119 isde
880 1059 948 1140 ipso
956 1072 1143 1141 conceperat,
1154 1062 1253 1121 omni·

154 1166 196 1205 no
218 1148 381 1206 frmtratua
396 1155 451 1205 est.
495 1147 641 1225 Gregoras
655 1164 726 1205 vero
742 1146 780 1205 de
793 1144 882 1205 amici
898 1146 954 1227 (ita
967 1147 1004 1205 de
1014 1146 1196 1226 imperatore
1208 1147 1254 1206 lo·

155 1230 272 1312 quitur)
295 1232 391 1289 salute
411 1230 560 1291 sollicitus
580 1231 612 1289 in
633 1248 697 1290 eam
719 1251 822 1289 curam
843 1240 926 1290 totus
949 1232 1103 1307 incubuit,
1124 1241 1160 1291 ut
1184 1252 1255 1291 sum

156 1316 348 1377 aberrantem
366 1316 397 1375 iu
414 1317 495 1375 nam
515 1316 678 1377 reduceret.
723 1316 805 1389 Quin
820 1316 909 1375 etiam
922 1316 1049 1395 cognitis
1065 1317 1254 1377 adversario-

155 1422 228 1463 rum
250 1400 538 1479 machinationibus,
563 1402 614 1482 qui
636 1411 672 1461 ut
692 1422 783 1480 quam
802 1401 935 1481 primum
952 1402 1043 1463 exilio
1057 1403 1255 1463 mulctaretur

156 1488 331 1547 clanculum
352 1496 381 1545 et
400 1488 500 1565 palam
520 1488 600 1567 apud
621 1486 861 1548 (iantaouzenum
876 1489 1014 1565 agebant,
1035 1488 1158 1551 libarius
1173 1488 1255 1547 huuc

155 1592 279 1651 arguere
302 1571 452 1647 instituit,
483 1582 518 1632 ut
539 1574 588 1633 vel
610 1572 782 1633 convictum
802 1572 920 1653 pudore
946 1574 1093 1650 afficeret,
1120 1574 1171 1633 vel
1189 1574 1256 1653 ipse

154 1658 302 1738 Byzantio
332 1666 455 1716 exactus
475 1658 615 1717 ecclesiae
635 1678 793 1738 oppressae
813 1669 975 1738 conspectu
1003 1658 1108 1717 saltem
1132 1666 1256 1719 careret.

158 1743 202 1803 At
220 1743 274 1803 ille
289 1752 381 1801 tenax
399 1743 563 1822 propositi,
584 1764 641 1803 nec
661 1742 794 1803 hominis
813 1742 884 1801 irati
904 1743 1005 1802 verbio
1020 1742 1169 1816 offensus,
1188 1743 1258 1819 pari

161 1846 259 1906 usque
280 1827 346 1885 iure
364 1827 525 1907 Imperator
547 1848 616 1887 cum
637 1828 757 1907 privato
772 1826 962 1905 disputabat,
983 1826 1258 1885 utilliusclemeu-

163 1912 247 1989 tiam,
268 1911 357 1990 magis
370 1932 457 1991 qnam
471 1912 561 1971 huius
575 1913 683 1988 zelum,
705 1911 841 1992 plerique
854 1910 1083 1971 admirarentur.
1125 1908 1258 1969 Tandem

162 1997 315 2075 Gregoras,
338 1996 478 2075 quoniam
490 1997 550 2055 bac
565 1998 662 2057 minus
674 1995 860 2071 succedebat,
882 1995 971 2054 aliam
984 1995 1066 2055 viam
1077 1994 1255 2073 ingreditur.

158 2082 367 2141 &nucuzcno
391 2081 635 2160 Didymotichum
656 2082 792 2162 profecto
805 2078 851 2161 4),
873 2080 978 2158 Irpuen
999 2081 1063 2141 adit
1079 2080 1161 2139 illius
1178 2101 1256 2140 uxo-

155 2188 235 2243 rem,
256 2166 375 2249 receuti
395 2166 451 2225 filii
465 2176 560 2227 morte
576 2168 728 2227 afflictam.
770 2167 844 2226 Earn
858 2166 972 2227 cladem
985 2166 1096 2226 erroris
1109 2185 1164 2248 per
1179 2166 1257 2225 Gan-

155 2262 338 2313 tacunenum
353 2253 514 2331 grmsantis
539 2253 671 2313 fructum
690 2272 753 2312 esse
772 2250 913 2329 affirmat,
935 2261 965 2311 et
982 2251 1073 2311 fidem
1085 2251 1169 2313 lacit.
1212 2251 1258 2311 lta
1279 2314 1282 2321 ,

155 2358 223 2399 suas
236 2347 339 2419 putes
355 2338 503 2415 Augustae
515 2337 686 2418 patrocinio
701 2338 833 2398 roborat.
867 2336 911 2395 Ea
925 2356 958 2397 re
971 2337 1074 2397 audita
1086 2335 1256 2414 Palamitae,

155 2444 191 2483 ae
213 2422 357 2504 inprimis
377 2422 511 2483 Isidorus
529 2422 714 2504 patriarcha,
736 2424 775 2483 ad
788 2422 896 2482 lreuen
911 2423 1072 2501 accedunt,
1095 2422 1196 2502 eique,
1221 2433 1257 2483 ut

156 2508 195 2568 ab
223 2508 309 2569 omni
333 2528 405 2567 cum
419 2509 551 2585 Gregora
563 2508 782 2569 consuetudine
803 2507 965 2584 abstineat,
985 2508 1162 2589 persuadere
1177 2529 1258 2567 oon-

155 2592 300 2656 tsuduut:
340 2594 465 2677 Repulsi
480 2594 715 2655 Cantacuzenum
736 2592 946 2673 Didymoticho
959 2602 1096 2654 evocant.
1138 2592 1258 2653 Hicta-

157 2679 291 2739 mulum
317 2680 434 2741 vatus
457 2680 635 2759 Byzantium
662 2680 786 2741 advolat
809 2688 840 2739 et
860 2678 1011 2757 litigantes
1032 2677 1173 2755 arcessit,
1200 2678 1259 2737 Isi-

160 2764 273 2824 dorutn
293 2783 399 2845 nempe
418 2774 449 2826 et
473 2766 642 2845 Gregoratn.
684 2766 787 2827 Multis
810 2766 893 2825 ultro
916 2765 1053 2843 citroque
1072 2762 1259 2823 sermonibus

158 2847 287 2926 habitis,
306 2850 438 2929 pervicit
457 2851 621 2929 Gregorss,
642 2858 677 2911 ut
689 2850 799 2911 lsidori
816 2851 965 2927 canones,
987 2868 1040 2908 seu
1060 2846 1259 2928 Hymnodiae,

157 2933 229 3014 igne
247 2935 437 3013 delerentur,
458 2956 495 2997 sc
514 2946 551 2996 ut
562 2936 707 3017 loquendi
720 2937 889 2997 libertatem
904 2936 927 2994 ii
944 2934 1129 3016 reciperent,
1152 2932 1259 3013 quibua

159 3019 299 3100 adempta
327 3029 411 3084 asset.
453 3020 509 3081 liis
531 3022 749 3085 conditionibus
770 3023 804 3083 in
832 3022 1024 3081 concordiam
1049 3019 1181 3080 reditum
1204 3028 1258 3094 est,

160 3114 192 3164 ct
210 3115 389 3186 sumptuoso
412 3106 552 3169 convivio
571 3107 684 3169 sanata
705 3128 776 3189 pax.
818 3106 941 3167 Sedeas
954 3106 1074 3185 quidem
1088 3105 1193 3190 breues
1209 3104 1260 3163 in·

160 3190 269 3253 dudae
282 3192 417 3254 fuerunt.
459 3192 533 3252 Nam
547 3194 688 3270 Palsmas,
709 3192 790 3273 quod
802 3192 849 3252 illi
862 3192 1013 3271 colloquio
1027 3210 1166 3272 praesens
1176 3183 1260 3250 baud

158 3276 362 3355 interfuisset,
393 3276 603 3357 Didymoticlio
623 3278 818 3359 postmodum
842 3278 974 3350 accitus,
1001 3276 1069 3337 lites
1091 3275 1259 3337 renovavit.

157 3360 352 3444 Disputatum
365 3383 472 3425 rmsua
485 3363 567 3444 apud
583 3364 796 3445 imperatorem
808 3363 872 3424 acri
883 3363 1092 3439 contentione,
1112 3362 1197 3421 nullo
1208 3382 1261 3421 au-

158 3454 222 3506 tam
237 3467 387 3511 successu.
432 3450 475 3509 Da
496 3457 562 3509 toto
579 3449 633 3510 illo
653 3450 773 3529 negotio
788 3450 878 3530 plura
889 3449 968 3510 scire
982 3448 1036 3529 qui
1049 3449 1217 3526 volueriut,
1237 3446 1260 3505 ii

161 3531 326 3610 Gregoram
337 3532 438 3614 ipsum
450 3533 567 3613 adeant,
587 3534 737 3598 Historiae
755 3535 833 3596 libro
848 3555 904 3597 xv.
919 3534 990 3616 Cap.
1006 3555 1037 3595 v.

247 3633 372 3695 liiaunio
394 3637 459 3700 iere
478 3646 639 3719 postquam
662 3637 736 3699 lsaec
756 3648 837 3718 gesta
858 3647 952 3707 sunt,
975 3638 1031 3699 sub
1057 3640 1172 3701 exitum
1189 3641 1261 3700 anni

159 3736 329 3796 erocum,
346 3720 423 3782 obiit
438 3723 786 3804 Constantinopolitauus
801 3720 973 3803 patriarcba
991 3724 1133 3791 Isidorus.
1177 3726 1261 3785 Can-

72 3828 76 3835 ·
159 3814 326 3865 tacuaenus
345 3806 511 3888 Imperator
531 3818 563 3869 et
578 3809 664 3871 lrena
677 3809 811 3889 Augusta
827 3810 975 3887 Gregoraa
992 3812 1126 3873 animum
1139 3808 1261 3869 blandi·

159 3890 227 3965 tiis,
249 3890 421 3971 promissis,
443 3894 670 3975 largitionibus,
693 3896 820 3976 aliisque
841 3894 956 3955 artibus
977 3895 1036 3957 iam
1058 3916 1145 3975 saepe
1159 3904 1260 3956 tenta-

159 3982 241 4053 tum,
264 3974 354 4036 etism
373 3977 567 4059 patriarchali
581 3980 725 4061 dignitate
745 3989 893 4040 ostentata
912 3980 1034 4041 flectere
1058 3991 1089 4040 et
1103 3981 1161 4039 sibi
1173 4001 1261 4042 nsan-

160 4060 263 4143 cipare
284 4063 387 4123 conati
407 4074 488 4126 sunt.
532 4066 677 4147 Gregorss
688 4076 725 4129 ut
738 4066 915 4127 senteutiam
928 4075 1059 4127 mnuret
1073 4065 1184 4128 adduci
1197 4088 1261 4128 non

197 4244 229 4312 1)
245 4246 276 4301 A.
291 4246 325 4301 0.
339 4261 499 4303 roncum.
516 4265 603 4306 nassa
614 4250 739 4307 Februar.
807 4250 841 4320 2)
863 4252 946 4319 Grag-
960 4248 1030 4303 Eiet.
1047 4250 1092 4306 lib.
1110 4266 1168 4305 m.
1191 4270 1217 4309 c.
1236 4254 1260 4307 1.

230 4314 336 4373 aaut
389 4316 491 4390 ntus.
503 4334 561 4377 avt.
576 4338 599 4377 a.
612 4324 640 4379 5.
692 4320 726 4391 4)
743 4319 1108 4377 marcomannicum
1123 4325 1243 4373 meante
