3017 4742
414 331 647 402 lilSTOBlAE
665 331 943 402 BYZANTINAE
964 333 1018 403 VL
1045 343 1077 406 2.
1208 323 1283 399 173

188 527 235 570 τοι
251 503 305 567 καὶ
320 495 464 588 βραδέως
475 498 549 580 μέν,
576 495 650 564 ἀλλ’
665 485 756 584 εἶιρον
770 499 821 563 καλ
837 487 924 562 οὗτοι
938 496 995 582 τὴν
1015 497 1104 583 δίκην
1121 497 1198 582 dud,
1225 501 1281 584 τὴν
1324 513 1353 564 Δ.
1371 514 1401 563 c.

187 605 279 683 ἀξίαν
294 601 467 688 ἐπάγουσαν
480 598 702 688 ἀναμέτρησιν.
737 599 810 666 oaldi
827 601 887 688 γὰρ
908 599 1008 676 οάδείς
1027 609 1092 668 τῶν
1110 604 1187 668 νίων
1208 601 1282 670 τοό-
1326 581 1396 703 ¹3²

186 735 252 776 των
268 711 449 790 νομοθετῶν
463 706 514 769 καί
533 711 645 791 κριτῶν
656 706 688 769 ἐν
703 709 744 790 τῇ
763 705 857 792 οἰκεία
869 700 1070 790 τετελευτήκει
1086 713 1180 792 τιμῇ·
1206 705 1281 772 ἀλλ’
1328 719 1395 777 1³28

189 812 336 894 αἴσχιστα
356 814 419 874 τῶν
439 808 557 874 οίκείων
572 807 765 885 ἐξελαθέντες
784 803 927 894 θρόνων,
955 804 997 884 ῶς
1016 803 1175 895 προϊόντες
1192 791 1446 914 ἐροῦ-Ἢᾱῖπ·

162 923 263 998 ὅμεν,
287 913 387 991 βέλεσι
411 908 511 995 λόπης
533 917 590 976 τοῦ
608 911 662 998 ζῇν
685 907 909 996 ἀπερράγησαν.
967 908 1037 1000 (Ζ.)
1062 912 1158 978 Mani
1181 919 1313 984 ταῦταῦ
1365 879 1422 916 m

190 1019 293 1083 τοίννν
307 1013 325 1081 ό
336 1014 484 1098 βασιλεδς
496 1015 528 1090 ἐς
539 1011 663 1098 μνήμην
676 1013 837 1096 έληλνθῶς
850 1003 893 1078 ὧν
908 1009 924 1079 ὁ
938 1011 1040 1101 πατὴρ
1052 1011 1210 1101 ἐπεπράχει
1226 1043 1284 1082 κα-

185 1120 228 1186 aci
243 1125 301 1185 τοῦ
313 1118 384 1183 νέον
395 1113 541 1183 Ἰωάννου
555 1123 611 1182 τοῦ
622 1114 772 1203 Λόσκαρι
779 1165 791 1197 ,
817 1107 897 1205 ᾧπερ
914 1111 934 1200 ἦ
950 1123 1007 1202 τῆς
1025 1119 1182 1200 βασιλείας
1199 1125 1281 1202 μῶλ-

185 1229 244 1288 λον
255 1227 392 1308 προσῆκε
405 1218 553 1303 διαδοχὴ,
580 1223 632 1283 καὶ
652 1221 755 1295 δείσας
767 1219 813 1304 μὴ
829 1225 885 1305 τῆς
898 1221 983 1304 δίκης
998 1219 1061 1303 ὀψέ
1076 1247 1149 1288 ποτε
1171 1223 1313 1288 daura-l>

187 1323 310 1408 στόσης
328 1324 369 1388 τά
382 1321 473 1406 όμοια
492 1322 578 1388 ἐσται
598 1325 649 1387 καί
667 1323 762 1398 atala
778 1320 960 1404 πεπονθὼς,
987 1323 1147 1410 ἀφαίρεσιν
1161 1326 1280 1412 δηλαδὴ

145 1435 184 1489 10
189 1429 349 1511 βασιλείας
362 1429 414 1491 καί
430 1425 623 1513 ὀφθαλμῶν,
646 1423 739 1510 ἐζήτει
753 1424 892 1492 καθόσον
908 1428 979 1511 ἐξῆν
993 1425 1028 1492 τὸ
1044 1433 1199 1512 προσῆκον
1212 1429 1280 1493 ἐπτ-

187 1541 298 1616 νεγκεῖν
314 1536 359 1620 τῷ
372 1526 527 1615 τραύματι
542 1525 715 1616 φάρμακον.
757 1529 881 1605 συνετός
899 1527 958 1616 γάρ
977 1527 1020 1595 τόν
1043 1527 1123 1596 οἶδεν
1143 1526 1185 1606 ῶς
1201 1537 1279 1596 πολ-

184 1630 274 1710 λάκις
288 1633 346 1698 κάν
364 1635 498 1722 τῶδετῷ
512 1635 572 1722 βίρι
587 1631 622 1697 τό
636 1638 723 1698 θεῖον
737 1636 822 1720 φιλεΐ
830 1631 909 1698 κατά
925 1628 1071 1716 στόθμην
1086 1633 1206 1698 δικαιάν
1218 1640 1279 1698 τῶν

186 1735 408 1822 πεπραγμένων
420 1733 460 1800 τά
478 1735 549 1819 τέλη
563 1734 725 1822 βραβεύειν
742 1730 832 1800 όποΐό
847 1732 921 1800 ποτ’
938 1733 976 1798 ἀν
993 1727 1014 1820 ᾗ
1021 1783 1032 1813 ,
1056 1735 1109 1799 ‘lon
1132 1731 1280 1821 δραστική

191 1864 239 1914 τις
256 1845 349 1904 τοῦτο
361 1839 533 1924 παραίνεσις
547 1843 593 1926 τῷ
614 1840 674 1926 βίῳ
687 1833 920 1922 ἐμπολιτεόηται
928 1884 939 1916 ,
967 1835 1084 1919 ἰταμῶς
1103 1835 1279 1918 ἀπειλοῦσα,

144 1949 183 2004 15
190 1943 225 2008 oi'
233 1942 312 2017 τινές
329 1940 405 2005 ποτ’
420 1939 483 2028 ἀρα
500 1937 558 2007 εἶεν
572 1941 604 2006 oi
625 1939 683 2025 τὴν
702 1939 822 2006 ἀνωθεν
838 1935 1067 2006 ἐποπτεόονσαν
1084 1941 1171 2023 δίκην
1186 1932 1308 2005 xuni-ll

186 2071 240 2110 πιν
256 2051 320 2110 τῶν
338 2045 455 2110 οίκείων
479 2044 633 2128 τιθέμενοι
655 2038 884 2126 βουλευμάτων.
925 2041 1025 2130 είγάρ
1047 2041 1092 2126 μὴ
1116 2044 1167 2107 καί
1186 2042 1281 2122 αὐτὸς

185 2151 302 2234 α’ίρεσιν
322 2147 521 2230 αάδηντινοῦν
541 2146 685 2232 συνεργὸν
707 2144 844 2214 ἐδεδώκει
865 2151 905 2233 τῇ
925 2143 1030 2233 γνώμη
1052 2149 1104 2210 καί
1124 2147 1203 2233 χειρί
1222 2153 1278 2212 τοῦ

184 2251 320 2338 πατρὸς,
349 2257 406 2334 τῆς
422 2247 492 2315 τότε
507 2255 655 2338 βρεφικῆς
671 2246 787 2334 ἡλικίας
802 2249 908 2336 καιρόν
924 2237 980 2314 οὐκ
1001 2245 1146 2334 ἐχοόσης,
1175 2249 1226 2314 διδ
1242 2248 1279 2315 τδ

182 2361 248 2421 τῶν
264 2359 449 2436 σωματικῶν
464 2350 602 2441 ὀργάνων
616 2351 672 2418 calx
685 2353 799 2428 ἐντελές
814 2353 984 2440 ἐμφανίζειν
1000 2352 1056 2438 τὴν
1073 2353 1105 2418 lv
1120 2362 1185 2430 τοῖς
1205 2348 1278 2417 κόλ-

136 2471 255 2534 2οποις
269 2464 327 2541 τῆς
341 2462 447 2540 ψυχῆς
463 2456 669 2543 κεκρυμμένην
694 2457 809 2543 αίρεσίν
825 2480 857 2521 τε
874 2457 924 2521 καί
936 2453 1101 2541 βοόλησιν·
1129 2453 1203 2521 ἀλλ’
1222 2447 1278 2522 odo
1292 2459 1327 2515 V.
1343 2461 1378 2518 88

184 2560 232 2625 δι’
253 2560 348 2624 αὐτὸν
361 2557 447 2641 ὅμως
460 2558 515 2624 τδν
529 2564 679 2625 τοσοῦτον
693 2566 751 2643 τῆς
767 2557 885 2638 ἀδικίας
900 2558 1000 2646 ἀνῆψε
1018 2558 1137 2646 πορσδν
1156 2558 1277 2640 ἐκεῖνος,

188 2658 233 2738 ῶς
247 2661 292 2745 μὴ
304 2669 359 2727 τοῦ
376 2663 500 2746 γνησίου
523 2658 674 2748 παρόντος
690 2665 740 2726 καὶ
764 2658 951 2749 ὑγιαίνοντος
973 2657 1119 2744 διαδόχου
1139 2665 1307 2747 στεροίτολί

187 2770 248 2849 τῆς
258 2766 415 2847 βασιλείας
428 2761 530 2840 αάτός.
564 2763 657 2830 ταῦτ’
673 2762 736 2852 ἀρα
752 2767 802 2829 καί
817 2767 965 2852 σφοδροῖς
983 2775 1049 2838 τοῖς
1068 2770 1124 2846 τῆς
1139 2759 1279 2846 συνειδή-

184 2890 266 2945 σεως
280 2867 415 2957 κέντροις
434 2863 640 2952 πληττόμενος
654 2858 707 2953 ἧκε
728 2868 814 2956 παρὰ
827 2867 881 2934 τόν
900 2863 1106 2954 wolon-loro
1123 2861 1166 2927 δι’
1183 2861 1278 2930 adedo

254 3033 298 3088 19.
315 3027 346 3087 ἐν
358 3034 419 3097 τοῖς
430 3027 544 3097 κόλποις
558 3029 617 3086 add.
634 3031 664 3084 l.
731 3031 776 3086 κθ.
799 3023 888 3093 αάτάς
905 3045 953 3083 ona.
971 3029 1003 3083 Α.

181 3166 298 3222 Proinde
307 3186 367 3221 aero
376 3169 415 3222 illi
430 3158 540 3240 quidem,
555 3170 601 3224 aed
615 3168 697 3222 iustae
711 3173 797 3222 tamen
811 3183 908 3251 poenae
919 3166 1028 3231 luerunt,
1045 3169 1073 3219 et
1089 3163 1198 3220 debitam
1209 3183 1276 3222 mer-

179 3237 272 3290 cedem
285 3247 449 3307 aeceperunt.
484 3241 577 3309 Neque
594 3240 660 3292 enin
672 3255 795 3292 uovorum
812 3245 917 3290 natorum
936 3235 1109 3304 legislatorum
1123 3253 1153 3290 ac
1167 3237 1276 3292 iudicum

180 3307 250 3359 ullua
258 3307 288 3359 in
300 3325 350 3360 aua
365 3307 494 3377 dignitate
509 3307 635 3361 dcceaaita
652 3309 698 3360 ned
711 3307 861 3377 turpissime
874 3307 927 3359 auia
938 3305 1005 3375 pulei
1017 3303 1130 3368 nedibus,
1147 3313 1176 3359 ut
1187 3313 1278 3376 postea

182 3374 313 3440 dicema,
329 3393 394 3446 prae
411 3377 490 3431 animi
505 3376 666 3447 aegritudine
676 3376 756 3429 vitam
767 3377 933 3446 abruperunt.
967 3374 1055 3442 (VII.)
1072 3374 1135 3427 Pont
1146 3377 1210 3429 haec
1225 3375 1276 3429 Im-

183 3452 290 3511 perator
300 3445 460 3510 recordatae,
476 3463 526 3517 quo
535 3452 613 3530 pacto
623 3452 698 3515 pater
709 3461 766 3498 cum
777 3446 937 3500 adolescente
946 3443 1042 3498 Ioanne
1052 3441 1160 3498 Laecari
1171 3445 1277 3514 egisset,

185 3511 223 3563 ad
240 3514 426 3584 quemlnpetii
438 3533 564 3570 moeeano
576 3515 659 3583 magia
674 3531 749 3584 quam
761 3516 795 3568 ad
808 3533 836 3569 ee
906 3513 913 3528 ‘
932 3519 1001 3577 eret,
1018 3531 1050 3566 ac
1061 3513 1159 3567 veritae
1173 3532 1205 3569 ne
1218 3513 1277 3568 vin-

186 3577 260 3630 dicta
273 3581 374 3635 nouem
390 3585 584 3654 expergiscente
597 3585 686 3637 eodem
699 3589 727 3636 et
736 3584 793 3653 ipae
802 3602 826 3638 n
859 3603 875 3637 ο
889 3589 1061 3647 tractaretur,
1078 3589 1106 3636 et
1125 3583 1211 3638 oculoe
1226 3597 1279 3636 una

184 3663 245 3698 cum
258 3648 364 3718 Imperio
377 3655 521 3718 amitteret,
538 3653 717 3708 convenientia
731 3653 831 3706 vulneri
848 3651 1030 3706 medicamenta
1044 3653 1136 3706 statuit
1146 3653 1278 3705 adhibere.

182 3717 248 3778 Qut
266 3719 333 3772 euin
345 3729 399 3775 σεε
409 3723 561 3792 prudentia,
578 3739 628 3775 nou
639 3722 792 3791 ignorabat,
808 3722 891 3776 Deum
905 3739 1085 3791 saepenumero
1100 3723 1176 3776 etiam
1187 3720 1216 3772 in
1228 3719 1278 3772 hac

178 3785 241 3838 vita
254 3786 392 3870 danaorum
404 3792 490 3844 exitus
502 3793 536 3844 ad
546 3790 659 3845 iustitiae
671 3808 783 3844 normam
796 3789 925 3860 dirigere,
942 3789 1126 3861 qualiacunque
1138 3805 1170 3841 ea
1183 3803 1277 3906 ρετφε·

176 3861 253 3910 trata
265 3864 334 3921 aaut,
352 3867 380 3912 ut
391 3860 567 3914 documentum
580 3860 648 3914 istud
664 3861 758 3914 efficax
774 3860 823 3924 ait,
841 3861 909 3929 quod
924 3859 1049 3914 hominum
1062 3859 1139 3912 vitam
1152 3871 1224 3908 enen
1242 3861 1278 3919 et,
1338 3883 1342 3896 -

176 3933 208 3978 et
220 3926 441 3981 montemnis
454 3937 598 4000 perterreat
608 3947 666 3994 eoa,
684 3929 729 4000 qui
741 3929 796 3982 auia
809 3927 920 3998 iptorum
935 3927 1048 3982 conailiie
1061 3929 1215 3995 postponunt
1229 3941 1279 3976 nu-

176 3994 256 4048 σιίιιίτ
274 3995 415 4050 vindictam
435 3998 549 4052 humanis
565 3999 642 4052 rebua
658 3998 842 4068 invigilantem.
876 3997 935 4051 Icai
954 3997 1019 4050 enim
1039 3993 1121 4069 patrie
1146 3991 1276 4074 qonailium

178 4073 226 4114 aut
235 4064 334 4118 lactum
349 4065 417 4119 nullo
429 4065 487 4136 ipae
499 4067 575 4121 animi
587 4077 656 4121 motu
667 4068 748 4120 libero
760 4067 910 4130 adiuvent,
926 4071 1063 4136 propterea
1075 4060 1143 4130 quod
1156 4059 1200 4113 ullo
1212 4067 1276 4116 tenu·

178 4146 243 4211 ινφτε
258 4133 345 4187 inians
364 4141 437 4198 erat,
453 4136 568 4207 adeoque
584 4137 691 4192 noudum
710 4143 812 4206 poterat
830 4134 936 4188 infismia
949 4135 1032 4187 adhuc
1042 4130 1156 4212 τοτροτίι
1166 4130 1275 4185 faculta-

179 4198 251 4251 tibus
260 4201 383 4256 Ιιίοιιλααι
396 4205 474 4257 animi
489 4207 609 4260 affectum
622 4224 653 4258 ac
669 4205 824 4258 voluntatem
836 4203 983 4257 declararet
999 4205 1084 4252 tanuen
1094 4198 1189 4254 adcirco
1202 4207 1276 4270 pater

181 4267 278 4323 “aleca
295 4272 341 4325 illo
359 4290 389 4326 aa
401 4273 600 4339 contaminarat,
616 4291 649 4328 ua
670 4275 756 4336 illiue,
774 4271 887 4342 legitimo
904 4278 931 4324 et
943 4286 1005 4322 nano
1021 4267 1117 4322 herede
1127 4270 1274 4339 anperntite,

178 4333 290 4408 lngule
308 4341 467 4412 privantur.
501 4343 551 4398 Hie
568 4343 603 4397 de
618 4344 719 4414 auen,
734 4359 792 4398 cun
807 4338 982 4398 vehementiuu
1001 4337 1173 4398 concientiae
1185 4339 1275 4396 atinu-
