3017 4742
398 344 633 435 naamon
652 346 892 415 eseconis
911 346 1030 417 vira.
1155 358 1253 407 mn

158 518 257 589 gatos:
279 524 410 587 quorum
425 526 523 587 pauca
535 506 616 587 typis
630 526 786 588 expressa,
805 506 949 587 pleraque
961 514 1062 567 autem
1073 516 1179 567 extant
1189 528 1254 568 ma·

157 594 311 673 nuacripta
323 593 357 651 in
374 592 531 651 codicibus
546 593 632 671 regiis
645 590 680 674 ¹).
776 605 778 612 '

243 680 337 738 Annis
352 697 389 735 ex
406 698 441 735 eo
458 688 572 758 septem
588 678 694 758 elapsis
715 672 764 763 ⁵),
783 676 865 737 idern
880 677 1068 753 Barlaamus,
1090 676 1256 757 Avenione,

160 784 221 844 quo
251 765 287 822 ab
307 766 495 841 Imperatore
526 766 562 823 ad
588 764 697 843 Papam
725 762 908 823 clandestina
925 760 953 843 8)
979 764 1125 842 legatione
1147 765 1257 824 missus

160 852 278 924 suerat,
320 848 564 907 Thessalonicam
603 868 739 909 reversus
770 867 890 925 magnas
928 848 1032 907 turbas
1066 849 1100 907 in
1133 849 1258 908 ecclesia

163 936 276 993 Graeca
293 933 453 1009 excitavit3
476 952 513 992 ex
530 934 635 1013 quibus
648 944 752 1015 postea
765 935 877 993 multae
888 934 920 992 iu
934 934 1094 1012 Gregoram
1104 934 1258 993 molestiae

161 1018 378 1079 redundarunt.
423 1018 569 1077 Nimirum
599 1020 651 1077 ille
674 1018 802 1094 advena,
825 1018 985 1079 monachos
1003 1020 1131 1079 Graecos
1151 1028 1258 1077 nactus

163 1104 215 1183 qui
236 1124 267 1163 se
284 1104 421 1161 divinum
435 1098 538 1162 lunieu
554 1105 648 1164 oculis
671 1106 821 1187 corporeis
838 1104 951 1163 intueri
971 1105 1126 1181 dicebant,
1148 1105 1259 1166 Massa·

161 1189 334 1247 lianismum
354 1188 393 1247 iis
409 1198 439 1247 et
455 1188 829 1270 Omphalopsyohoruhr4)
851 1210 980 1250 errorem
994 1190 1109 1249 obiecit
1151 1190 1258 1249 Mona-

163 1273 292 1333 chorum
303 1273 505 1353 patrocinium
521 1276 651 1357 suscepit
663 1276 712 1335 vir
724 1296 846 1355 magnae
860 1276 940 1356 apud
953 1294 1004 1334 eos
1021 1275 1258 1351 existimationis,

166 1359 327 1439 Gregorius
346 1358 492 1437 Palamas,
515 1360 690 1440 iampridem
711 1362 775 1441 ipre
798 1382 917 1441 quoque
935 1360 1004 1419 ideo
1018 1370 1154 1437 notatus,
1177 1360 1261 1439 quod

165 1444 299 1503 divinam
322 1444 519 1505 substantiam
547 1446 643 1505 oculis
674 1447 826 1528 corporeis
848 1449 944 1506 risam
972 1467 988 1504 a
1022 1467 1053 1506 se
1078 1446 1261 1504 iactavisset.

162 1530 237 1589 Nam
251 1528 334 1588 hunc
352 1530 498 1608 Gregoras
512 1528 559 1611 ⁶),
581 1540 610 1591 et
635 1532 663 1591 ei
679 1532 883 1611 cognominem
898 1531 1040 1610 Drimyn,
1061 1540 1219 1610 antequam
1231 1526 1260 1610 ο)

162 1615 337 1675 barlaamus
352 1616 385 1673 in
400 1616 553 1675 Graeciam
569 1618 714 1694 venisset,
735 1618 822 1679 idda
842 1638 874 1676 ee
888 1617 1093 1697 praedicantes
1117 1616 1260 1689 audierat,

165 1709 195 1759 et
208 1700 326 1759 acribus
344 1700 404 1759 iam
420 1711 486 1761 tum
499 1702 597 1761 verbis
609 1712 773 1782 utrumque
782 1702 1030 1783 reprehenderat.-
1048 1702 1187 1779 idemque
1196 1718 1263 1757 eam

166 1804 232 1843 rem
245 1804 352 1862 magno
367 1785 545 1863 Logothetae
565 1796 596 1845 et
610 1788 793 1846 antistitibus
810 1788 927 1863 aliquot
944 1786 1041 1844 doctis
1053 1786 1263 1843 declaraverat.

168 1868 211 1929 Hi
221 1888 294 1929 vero
314 1889 376 1928 eam
388 1872 632 1931 massalianorum
649 1870 787 1930 haeresin
803 1890 865 1929 esse
884 1870 1042 1942 dixerant,
1064 1877 1096 1927 et
1118 1867 1264 1927 eiusmodi

168 1953 324 2014 hominum
338 1956 581 2015 consuetudinem
596 1966 633 2015 ut
645 1956 1004 2036 sugeretprseceperant3
1025 1952 1117 2033 idque
1138 1972 1174 2012 eo
1194 1972 1265 2011 ma-

166 2040 226 2118 gia,
249 2040 331 2119 quod
349 2060 459 2101 novam
471 2042 625 2118 haeresin,
648 2060 685 2101 ex
698 2041 763 2100 aliis
775 2038 913 2100 omnibus
928 2038 1097 2115 conflatam,
1120 2038 1192 2098 olim
1205 2056 1263 2097 ex-

166 2124 312 2184 oriturum
327 2136 405 2202 es'se,
427 2136 456 2185 et
468 2128 611 2205 generalis
628 2126 757 2185 Consilii
770 2126 891 2185 decreto
913 2133 1080 2184 correctum
1101 2123 1156 2200 iri,
1177 2134 1264 2183 vete-

164 2209 208 2270 ris
226 2210 383 2269 cuiusdam
402 2212 576 2292 prophetiae
589 2212 745 2271 admonitu
766 2211 942 2271 didicerant.
985 2206 1140 2268 Monachis
1161 2207 1261 2286 igitur,

164 2295 284 2355 Palams
298 2295 393 2371 duce,
414 2317 471 2376 pro
493 2317 548 2357 suo
564 2314 665 2358 errore
683 2296 960 2376 propugnantibus,
982 2296 1151 2369 etlumen,
1181 2294 1265 2372 quod

164 2379 199 2440 in
211 2390 315 2441 monte
322 2379 443 2442 Thabor
461 2381 623 2469 discipulos
633 2380 742 2441 Christi
761 2379 1015 2455 circumfulsisset,
1035 2380 1204 2443 increatum
1219 2379 1265 2438 si·

165 2466 230 2525 mul
241 2475 273 2527 et
284 2466 465 2547 aspectabile
478 2468 570 2529 fuisse
586 2466 813 2543 dictitantibus3
832 2466 988 2525 barlaamo
1015 2474 1114 2524 autem
1134 2465 1264 2540 tieem,

168 2570 222 2611 seu
236 2550 366 2631 duplicis
381 2551 434 2611 Dei
457 2554 593 2627 cultum,
613 2571 667 2631 per
688 2572 753 2611 eam
772 2551 944 2630 opinionem
961 2548 1066 2609 invehi
1086 2549 1264 2627 affirmante,

171 2636 360 2697 Andronicus
381 2637 546 2717 Imperator
571 2637 633 2697 litis
654 2636 836 2697 dirimendae
859 2656 948 2695 cauea
968 2635 1135 2695 Concilium
1152 2634 1266 2695 habeu⁴

174 2722 248 2781 dum
265 2722 391 2785 cenauit
433 2723 538 2801 ltaque
555 2743 632 2781 anno
647 2721 761 2781 Christi
777 2740 911 2781 meacm
920 2767 928 2797 ,
951 2739 1052 2779 mense
1064 2719 1167 2795 Iunio,
1187 2720 1219 2777 in
1235 2720 1266 2777 S.

174 2804 303 2886 Sophiae
328 2807 428 2867 aedem
451 2808 664 2887 Byzantiorum
692 2807 848 2867 lectissimi
869 2827 904 2865 ac
927 2804 1092 2865 doctissimi
1115 2822 1269 2863 convene-

172 2901 244 2953 runt
256 2890 294 2971 ⁷).
338 2893 501 2971 Gregoram
520 2892 557 2951 ab
569 2892 749 2972 Imperatore
763 2903 794 2953 et
810 2889 1012 2971 epatriarche
1030 2888 1193 2949 invitatum
1214 2887 1268 2947 do-

172 2976 215 3036 rni
234 2976 365 3039 detinuit
386 2978 492 3059 eapitis
513 2978 599 3040 dolor
616 2976 908 3051 vehementissimum
936 2976 990 3055 qui
1013 2975 1136 3035 morbus
1152 2970 1190 3053 ⁸),
1212 2993 1268 3053 per

171 3061 332 3134 intervalla
346 3073 378 3123 et
394 3063 483 3123 certis
496 3064 679 3143 temporibus
692 3082 849 3125 recurrens
857 3106 866 3137 ,
886 3071 950 3121 tota
965 3061 1029 3119 rita
1052 3080 1121 3121 eum
1139 3058 1269 3118 afflicta-

172 3148 228 3207 vit
269 3148 435 3229 imperator
448 3148 500 3209 illa
516 3150 566 3211 die
578 3150 729 3229 praeclare
745 3158 775 3207 et
792 3166 901 3225 magno
914 3145 1046 3205 omnium
1066 3146 1176 3224 plausu
1189 3164 1269 3202 con-

174 3232 309 3295 cionatus
337 3234 488 3295 absentem
517 3234 715 3310 desideravit,
742 3252 836 3312 eoque
863 3231 1001 3293 auditore
1016 3231 1141 3291 moleste
1162 3228 1268 3289 caruit.

173 3317 329 3379 Caeterum
346 3319 382 3379 in
403 3340 436 3379 ea
457 3320 573 3399 synodo
594 3318 668 3398 quid
688 3328 789 3379 actum
814 3317 937 3377 sitnon
959 3325 1090 3393 constat,
1111 3324 1270 3396 propterea

173 3402 256 3482 quod
272 3404 355 3465 illius
371 3406 436 3465 aevi
449 3405 610 3485 scriptores
629 3404 679 3463 alii
694 3404 796 3479 aliter,
819 3413 849 3463 et
862 3424 918 3483 pro
945 3422 999 3461 suo
1014 3402 1138 3481 quisque
1151 3400 1269 3476 affeetu,

173 3508 238 3549 rem
247 3500 374 3551 narrant
387 3487 426 3571 ⁹).
466 3490 503 3549 In
516 3511 551 3550 eo
574 3499 674 3549 temen
690 3490 911 3549 Gaumcuzenus
935 3498 965 3546 et
980 3488 1126 3566 Gregoras
1145 3505 1271 3547 consen·

211 3656 953 3783 ¹>rnrstrr·s⁵¹·1..mr.rr·
1005 3651 1274 3792 sutrinse

246 3813 310 3849 rum.
342 3796 449 3865 mute
459 3796 528 3849 Hist.
540 3798 604 3865 Byr.
613 3795 659 3848 lib.
674 3812 729 3847 xix.
747 3812 772 3847 c.
789 3801 813 3850 1.
831 3799 895 3848 sect.
909 3790 937 3848 4.
971 3792 1081 3861 <Mate
1094 3790 1273 3845 annum1328.

245 3866 280 3934 7)
296 3864 365 3917 llist.
381 3866 429 3919 lib.
446 3880 484 3918 xi.
501 3884 524 3923 c.
536 3868 579 3921 20.
648 3865 679 3934 8)
702 3866 836 3934 Gregoras
853 3864 949 3931 passim
966 3862 1083 3915 inlibris
1096 3861 1150 3912 suis
1167 3856 1275 3910 mentio·

246 3950 306 3988 nen
323 3935 409 3987 eiusce
425 3934 507 3990 morbi
524 3934 643 3988 irrculcat.
684 3934 753 3987 Vide
772 3930 1058 3995 resumentem
1074 3930 1127 3983 aeri
1146 3928 1276 3999 Γρηγορᾶ

245 4000 420 4074 temptem.
489 4004 521 4073 9)
544 4005 740 4057 Cantacuaenus
762 4002 858 4055 rictum
874 4002 1036 4055 Barlssmum
1052 3996 1152 4080 veniam
1169 3996 1276 4079 petiisse

246 4081 274 4128 et
289 4073 411 4126 Palemae
428 4070 569 4127 doctrinam
589 4074 746 4143 approbasse
771 4070 869 4124 scribit.
916 4070 1025 4124 Ioannes
1063 4065 1207 4129 stnsmha,
1249 4082 1276 4118 m

246 4143 345 4213 synodo
364 4143 493 4213 praefuit,
512 4142 544 4195 de
559 4143 657 4196 duobus
667 4148 765 4195 tantum
781 4140 916 4210 capitulis,
939 4155 1030 4207 nernpe
1041 4085 1074 4187 de
1088 4084 1247 4188 'lhuborlol
1262 4163 1277 4173 -

246 4214 315 4265 mine
326 4216 355 4265 et
367 4210 400 4266 de
413 4213 563 4285 precatione
572 4213 651 4265 letam
663 4210 814 4264 sententiam
825 4211 864 4262 eit
876 4209 944 4280 apud
950 4210 1030 4261 beon.
1036 4204 1112 4258 Allat.
1119 4205 1160 4258 De
1172 4204 1276 4285 Eeples.

249 4280 342 4335 Occid.
374 4285 402 4334 et
425 4282 527 4335 Orient.
555 4298 627 4351 perp.
659 4297 728 4333 cons.
752 4279 798 4332 lib.
814 4294 843 4332 rr.
867 4296 891 4332 e.
915 4278 958 4333 17.
1007 4275 1142 4346 Gregoras
1166 4272 1278 4340 demque

251 4351 329 4405 ”lan
346 4351 520 4421 quaenam
537 4351 571 4406 de
592 4350 741 4421 precatione
765 4348 906 4450 agitatam
923 4343 994 4417 quod
1011 4343 1045 4399 ad
1061 4349 1168 4399 caetera
1183 4340 1279 4393 attine-
