3017 4742
164 402 167 410 ,
221 349 329 399 xcvm
650 334 763 405 HlEll.
785 334 949 407 worm

221 516 271 558 me
292 492 384 555 luisse
407 492 526 575 potius,
548 514 637 576 quam
659 503 777 577 meapte
795 495 950 556 voluntate
971 493 1143 555 secessisse:
1172 512 1237 554 non
1256 502 1317 555 tam

221 597 356 659 laborum
374 604 403 655 et
417 597 618 669 molestiarum
632 598 716 676 suga,
739 597 846 677 quibus
858 596 900 656 ita
915 607 979 658 tum
993 617 1111 678 quoque
1121 616 1318 675 assumerem,

220 710 256 761 ut
270 700 377 779 ignavo
397 698 459 759 otio
472 698 551 758 nihil
565 697 639 758 mihi
653 708 729 757 esset
741 699 910 776 molestius,
932 720 1022 779 quam
1034 699 1159 779 privatis
1171 698 1244 759 meis
1255 708 1320 757 stu-

107 817 112 826 “
220 802 295 881 diis,
315 802 340 863 si
356 801 429 882 quid
444 800 566 861 daretur
585 798 652 876 otii,
675 800 795 861 fruendi
817 810 849 861 et
869 801 1041 863 diuturnam
1056 800 1143 881 quasi
1161 800 1242 860 sitim
1261 820 1320 861 va·

124 917 137 946 ⁶
219 905 281 967 aiae
297 904 433 965 lectionis
445 902 648 982 restinguendi
663 902 836 984 cupiditate.
878 903 937 963 Sed
961 924 1031 963 cnm
1049 922 1066 962 e
1082 904 1214 963 Zonaras
1233 903 1320 963 velut

221 1006 343 1068 salebris
361 1007 523 1087 eluctatus,
549 995 583 1063 iri
602 1005 722 1065 Nicetes
742 1004 910 1064 Aeominsti
931 1004 1092 1065 Cboniatae
1111 1004 1266 1086 planitiem
1287 1012 1320 1064 et

221 1109 306 1189 quasi
320 1108 410 1169 variis
424 1107 557 1167 flosculis
571 1108 726 1167 vernantia
741 1116 827 1188 prata
840 1106 1056 1188 pervenissem
1075 1106 1225 1165 ineundus
1242 1103 1321 1163 mibi

219 1211 431 1293 potiusquam
452 1210 552 1289 gravis
577 1229 639 1270 esse
659 1210 744 1269 labor
766 1207 1018 1290 interpretationis
1035 1209 1089 1269 ille
1107 1209 1223 1289 coepit,
1247 1226 1320 1267 cnm

220 1304 258 1373 db
273 1311 434 1372 dictionem
448 1312 588 1373 fusiorem
610 1320 640 1372 et
663 1310 846 1392 planiorem,
868 1321 899 1371 at
915 1333 1002 1393 saepe
1013 1332 1076 1372 non
1089 1310 1252 1370 infeliciter
1264 1309 1321 1369 lu·

217 1415 404 1475 xuriantemr
432 1424 499 1475 tuna
520 1434 592 1477 vero
616 1424 742 1495 propter
763 1434 864 1475 earum
889 1414 1084 1475 historiarum
1106 1413 1319 1492 cognitionem,

219 1537 292 1598 quas
306 1517 413 1600 partim
432 1536 495 1576 non
511 1517 582 1577 satis
600 1528 749 1594 tenerem,
770 1517 879 1598 partim
892 1517 982 1598 plane
995 1515 1173 1594 ignorarem.

303 1620 370 1692 Quo
383 1637 475 1699 opere
488 1618 642 1695 absoluto,
665 1640 734 1680 cum
748 1630 885 1679 nontam
897 1618 1054 1698 gauderem
1068 1638 1116 1677 me
1130 1616 1215 1696 gravi
1227 1635 1321 1677 onem

217 1720 367 1797 levatum,
391 1740 479 1798 qaam
503 1720 537 1778 in
555 1719 653 1779 medio
666 1721 763 1781 veluti
785 1741 875 1781 cursu
889 1720 1065 1780 destitutum
1076 1719 1232 1794 dolerem,
1256 1736 1319 1796 quo

217 1822 318 1883 minus
334 1830 497 1883 mtremam
514 1822 606 1881 totius
619 1821 761 1883 historiae
774 1832 885 1882 metam
903 1823 1093 1901 attingerem
1114 1840 1183 1881 ecce
1196 1828 1321 1900 praeter

218 1942 336 1984 omnem
351 1925 600 2003 exspectationem
616 1946 633 1983 a
648 1934 679 1985 te
693 1922 820 1984 offertur
834 1924 1020 2006 Nicephorua
1038 1923 1192 2001 Gregoras,
1211 1920 1265 2001 qui
1279 1919 1319 1980 ab

217 2026 294 2087 urbe
307 2047 325 2083 a
342 2024 460 2084 Venetis
479 2036 510 2085 et
525 2024 672 2085 balduino
685 2026 819 2086 Flandro
836 2037 924 2107 capta
936 2046 1070 2101 uorsus,
1090 2024 1246 2085 historiam
1258 2044 1321 2082 an·

216 2148 327 2189 norum
341 2147 429 2189 cunr.
442 2120 475 2205 *)
498 2126 536 2185 ad
550 2145 633 2185 suam
648 2146 744 2207 usqua
763 2137 905 2204 aetatem,
926 2137 956 2187 et
969 2126 1136 2187 Andronici
1150 2124 1321 2205 Palaeologi

215 2228 343 2289 iunioris
363 2228 493 2303 obitum,
522 2227 648 2306 eleganti
668 2229 748 2308 stylo
778 2202 971 2311 descriptam*
982 2229 1070 2289 nobis
1089 2228 1188 2289 dedit:
1215 2228 1320 2307 itaque

216 2330 369 2410 supplevit
382 2352 416 2391 ea
432 2349 505 2409 quse
517 2328 678 2409 reliquerat
693 2330 861 2411 Claonistes,
881 2342 918 2393 nt
931 2331 984 2393 bic
997 2332 1130 2393 Zonarae
1142 2351 1228 2392 suam
1241 2351 1318 2391 saar-

215 2431 361 2493 rationem
372 2441 549 2493 attexaerat.

300 2534 453 2595 Caeterum
467 2544 497 2594 et
510 2533 561 2593 hic
578 2533 659 2593 idem
672 2534 755 2613 quod
767 2534 800 2595 in
812 2535 956 2598 Cbonista
973 2536 1049 2598 mibi
1063 2556 1133 2599 cum
1148 2534 1316 2609 accidisset,

213 2653 271 2695 nec
284 2634 383 2695 vicina
398 2637 581 2717 temporibus
596 2636 706 2697 nostris
713 2638 924 2718 Byzantiorum
936 2650 1002 2700 acts
1016 2649 1121 2701 auctor
1134 2638 1186 2698 ille
1197 2636 1320 2715 attigis-

214 2748 275 2799 set:
296 2740 470 2819 nudumque
483 2740 630 2801 Graecum
644 2738 823 2819 scriptorem
845 2753 964 2820 extare,
986 2752 1037 2803 ant
1051 2749 1133 2802 certe
1152 2738 1228 2799 mibi
1252 2757 1320 2798 esse

214 2842 367 2919 cognitum
382 2841 528 2918 dolerem,
551 2840 604 2920 qui
619 2850 732 2901 caetera
746 2860 843 2922 usque
857 2846 894 2905 ad
904 2844 1216 2927 Constantinopolim
1232 2846 1318 2905 Tur-

214 2944 257 3003 cis
273 2953 457 3025 occupatam,
473 2952 504 3003 et
515 2942 675 3023 imperium
688 2944 872 3007 Graecorum
885 2968 902 3006 a
917 2947 1083 3008 Mabosneta
1093 2969 1217 3030 prorsus
1230 2968 1319 3009 ever·

211 3066 278 3105 sum
308 3055 553 3127 persequeretur:
595 3047 752 3106 commode
770 3069 800 3107 .a
826 3050 991 3111 clarissimo
1019 3051 1085 3111 viro
1110 3052 1145 3113 D.
1169 3052 1315 3111 Pnrnsrro

213 3146 387 3225 Gornnrno,
414 3146 574 3207 Viennensi
595 3146 831 3226 Iurisconsulto,
853 3151 892 3211 ad
911 3172 959 3211 me
977 3152 1083 3211 missus
1105 3162 1151 3211 est
1164 3153 1314 3211 Laomeus

212 3246 482 3329 Chalcocoudylas,
505 3270 582 3329 quo,
603 3258 637 3309 ut
655 3250 861 3334 ansatigatione
884 3255 1088 3315 conversionis
1103 3253 1244 3314 nonnibil
1261 3275 1316 3314 ae-

211 3349 401 3429 quiescerem,
422 3352 510 3413 avide
523 3370 675 3433 percurso,
693 3354 783 3433 plana
799 3354 874 3416 milri
889 3357 1074 3417 satisfactum
1087 3376 1150 3415 ease
1165 3356 1312 3434 cognovit

210 3460 299 3533 atque
315 3452 348 3511 in
369 3473 433 3512 eam
456 3454 631 3515 sententiam
651 3474 719 3513 sum
738 3456 902 3536 adductus,
923 3468 960 3518 ut
978 3460 1040 3519 fato
1062 3457 1192 3539 quodam
1199 3502 1210 3534 ,
1231 3456 1316 3537 quod

92 3584 98 3593 ·
207 3553 295 3615 initio
316 3555 397 3632 dixi,
418 3557 531 3617 factum
557 3576 620 3617 esse
635 3555 856 3634 existimarem,
884 3570 970 3620 utet
994 3560 1172 3621 liberalitate
1189 3570 1259 3636 tua,
1281 3569 1316 3626 at

206 3658 454 3719 Donarscnwam
467 3659 632 3739 Byzantina
654 3668 684 3719 at
695 3660 806 3719 Asiana
822 3661 1067 3741 peregrinatione,
1089 3672 1120 3721 et
1134 3682 1201 3721 meo
1216 3662 1327 3741 quali:

206 3780 327 3842 cunque
346 3762 467 3839 labore,
490 3760 643 3841 integrum
665 3764 755 3824 totius
773 3763 956 3844 Byzantinae
976 3761 1120 3823 historiae
1133 3784 1259 3845 corpus,
1280 3773 1314 3825 et

206 3862 345 3923 omnibus
365 3882 460 3944 prope
473 3866 604 3925 numeris
624 3864 684 3926 suis
697 3866 885 3943 absolutum,
907 3866 1017 3925 nostris
1035 3865 1207 3926 hominibus
1228 3885 1315 3946 pro-

204 3974 382 4042 poneretur:
404 3965 490 4025 cuius
503 3965 592 4027 lectio
606 3988 668 4027 non
684 3977 746 4027 tarn
763 3968 905 4046 iucunda,
922 3969 1165 4048 qnamsalutaria
1178 3978 1263 4043 esset,
1283 3969 1314 4027 si

203 4062 227 4123 ii
242 4064 295 4144 qui
310 4086 412 4128 rerum
425 4068 592 4148 potiuntur,
609 4088 648 4129 ex
663 4070 768 4129 alienis
779 4070 910 4151 peccatis
925 4090 979 4129 sua
994 4072 1149 4131 emendare
1161 4090 1314 4131 conaren-

201 4174 263 4228 tur.
304 4168 386 4230 ldem
401 4172 481 4235 enim
494 4171 599 4250 bostis,
616 4171 668 4252 qui
681 4170 781 4233 beatas
795 4174 869 4233 olim
880 4172 967 4233 Asiae
981 4182 1012 4233 et
1022 4172 1166 4234 Graeciae
1179 4174 1314 4254 provin-

202 4269 264 4332 cias
277 4272 437 4353 oppressit,
461 4274 599 4353 vastavit,
614 4274 731 4353 avertit,
746 4276 858 4337 nostris
870 4275 959 4337 etiam
972 4275 1140 4337 cervicibus
1154 4275 1312 4335 imminet:

236 4386 266 4454 *)
283 4386 344 4441 Non
361 4404 443 4443 oxus.
461 4390 506 4445 sed
526 4408 649 4449 cxxxvn.
