3017 4742
243 318 327 369 m
467 302 704 378 NICEPHORI
726 302 966 374 GREGORAE
985 302 1141 375 OPERA.

254 466 323 529 dem
337 464 502 545 argumenti
513 462 665 525 historicis
678 463 901 527 Cautacuaeuua
914 462 1002 541 longe
1012 470 1156 543 praestat.
1199 459 1236 521 Iu
1247 457 1347 523 chro-

252 553 374 631 nologia
393 561 492 611 tamm
517 550 662 629 Gregorus
685 546 871 627 diligentiore
891 548 984 607 immo
1004 546 1086 628 apud
1109 548 1348 609 Gentacuaenum

253 640 318 701 iere
344 637 438 697 nulls.
487 635 710 695 Cantacuseuus
736 634 880 713 quaedam
902 634 1023 695 videtur
1044 632 1183 692 consulto
1204 632 1346 711 omisisse,

256 742 331 805 quse
354 724 497 802 Gregoras
523 718 606 780 haud
627 720 835 801 praetermisit
877 718 1032 778 Eiusmodi
1057 727 1182 779 euntes
1202 717 1350 797 quaehic

254 816 359 869 narrat
374 808 412 866 ds
425 805 576 885 Synadeui
590 825 657 884 erge
678 804 883 865 Andronicum
898 803 1044 863 seniorem
1055 803 1289 881 inhumanitate,
1310 803 1350 864 de

254 893 374 954 loannis
395 891 563 970 Palseologi
580 890 748 962 natalibus,
772 889 924 967 delegetis
941 910 958 948 a
974 889 1055 969 Papo
1067 889 1350 969 Constantinopolin

254 978 361 1055 missis,
384 986 412 1037 et
426 977 483 1035 alie
495 976 660 1037 innumera.
691 976 773 1037 llaec
785 975 908 1053 inquam
922 973 1022 1035 omnis
1038 974 1199 1053 Gregoras,
1225 974 1278 1054 qui
1292 994 1351 1034 nec

254 1063 356 1123 illatas
385 1084 403 1121 a
423 1062 556 1121 barbaria
580 1063 678 1123 clades
698 1059 875 1123 dissimulet.
917 1061 1117 1121 Catacuueuus
1135 1079 1209 1120 vero
1233 1079 1292 1119 nec
1310 1059 1351 1119 de

257 1142 431 1209 Nicomedia
451 1147 571 1226 quidem
596 1156 650 1207 eut
674 1148 712 1208 de
730 1147 840 1208 Nicaea
860 1146 925 1225 ipsa
946 1145 1053 1205 amissa
1078 1146 1260 1204 mentionem
1267 1144 1353 1205 fecit.

256 1232 316 1293 llic
334 1232 411 1292 solas
430 1233 650 1313 quodammodo
673 1252 721 1294 res
750 1232 949 1311 Byzantinus,
977 1240 1081 1291 noster
1102 1231 1192 1291 etiam
1212 1240 1353 1289 externas

256 1316 391 1382 Historia
409 1338 464 1377 sua
482 1320 654 1401 complexus
669 1328 724 1383 est.
766 1319 900 1400 Uterque
919 1315 1012 1399 igitur
1030 1316 1173 1399 legendus
1184 1316 1300 1379 etalter
1311 1334 1353 1380 ex

257 1403 558 1488 alteroeupplcudus.
1075 1442 1081 1451 -

642 1758 960 1826 OPERA.

342 1894 470 1977 Scripsit
476 1894 620 1973 Gregorss
633 1896 783 1979 permulta
794 1894 1081 1957 variaeeruditionia
1092 1894 1255 1979 opuscula,
1272 1913 1354 1974 quo-

256 1998 325 2043 rum
338 1999 435 2059 peuca
449 1980 531 2059 typis
546 1980 700 2055 manduta3
716 1981 859 2060 pleraque
874 1991 972 2041 nutem
983 1992 1087 2042 exunt
1101 1980 1304 2061 manuscripta
1318 1980 1353 2038 in

259 2063 412 2124 codicibus
420 2064 582 2137 Vaticanis,
597 2064 754 2141 Caesareis,
769 2067 1016 2144 Soorialensibus,
1034 2066 1233 2143 Barocciania,
1248 2064 1353 2125 statis

256 2149 378 2227 multis,
398 2157 434 2209 ut
444 2149 550 2227 Regios
564 2148 682 2209 sileam:
706 2149 851 2228 quaedam
866 2151 939 2210 item
957 2152 1102 2213 videntur
1114 2151 1256 2231 temporis
1270 2148 1355 2229 longi

256 2232 368 2295 iniuria
390 2234 587 2295 intercidisse.
629 2236 742 2295 Eorum
762 2237 824 2295 sere
846 2227 982 2296 omnium
1000 2237 1138 2297 notitiam
1164 2234 1356 2296 debitiudex

255 2319 439 2398 uberrimus,
461 2340 499 2379 ex
513 2320 549 2381 lt.
563 2321 598 2380 Ρ.
612 2320 647 2379 D.
663 2320 809 2380 Bernardi
825 2316 852 2403 ¹)
874 2320 1004 2398 schedis,
1016 2323 1110 2381 Roma
1129 2321 1168 2380 ad
1185 2341 1239 2382 nos
1255 2329 1356 2381 usu&

255 2404 370 2484 missia,
391 2414 478 2464 etex
499 2405 591 2465 variis
611 2406 750 2465 codicum
771 2406 1044 2486 manuscriptorum
1068 2406 1209 2486 catalogis
1225 2406 1354 2465 conciu-

254 2498 354 2549 ustus.
396 2489 484 2550 Hunc
499 2500 535 2549 tu
549 2510 659 2569 quaeso
671 2490 814 2567 indicem,
835 2490 934 2551 Auum
948 2491 1142 2571 nobilissime,
1163 2491 1356 2571 quantumvis

255 2573 380 2653 longum
388 2619 398 2651 ,
419 2583 518 2635 totum
541 2576 637 2635 oculis
651 2596 802 2657 percurre.
842 2576 880 2635 In
893 2586 979 2636 tanta
992 2577 1138 2637 librorum
1153 2578 1254 2657 copia,
1276 2584 1355 2655 quot

254 2657 308 2721 hic
326 2659 440 2720 videbis
462 2671 665 2738 enumeratos,
687 2662 744 2721 erit
760 2661 849 2722 credo
865 2662 980 2742 aliquid
998 2662 1080 2741 quod
1094 2662 1161 2742 ipsc
1177 2670 1354 2740 argumento

254 2745 389 2828 placeat;
412 2746 493 2824 quod
509 2746 648 2807 amissum
666 2746 783 2823 doleas;
806 2746 889 2826 quod
905 2767 945 2807 ex
959 2747 1210 2808 Bibliothecarum
1226 2747 1354 2828 pulvere

255 2830 321 2891 emi
348 2830 458 2911 cupias.
501 2830 599 2890 Erunt
621 2830 708 2891 etiam
730 2832 830 2911 aliqua
841 2834 981 2910 temese,
1004 2853 1131 2912 quorum
1142 2833 1289 2892 iacturam
1302 2833 1354 2891 ia-

256 2915 315 2974 cile
328 2915 415 2977 fase.
455 2914 531 2975 Mihi
553 2915 673 2996 quidem
684 2916 833 2976 librorum
853 2919 1001 2995 catalogos
1017 2919 1175 2998 perlegisse
1190 2917 1251 2978 hoc
1263 2936 1354 2998 saepe

253 2998 422 3061 iucundum
442 2998 518 3077 fuit,
541 3002 621 3081 quod
644 3022 682 3061 ex
703 3001 741 3061 iis
754 3001 956 3063 intellexerim
969 3004 1070 3065 deesse
1081 3004 1156 3065 mihi
1168 3004 1281 3082 multa,
1302 3003 1355 3067 vel

256 3084 391 3161 inutilia,
414 3085 568 3146 ueletiam
591 3088 677 3146 mala.

317 3172 521 3230 Demerosesa
532 3171 634 3235 Λνααα
650 3173 723 3249 No'e‘,
744 3193 781 3229 er
797 3172 932 3252 Origene.
947 3173 1021 3235 eod.
1038 3174 1161 3234 Burocc.
1175 3173 1226 3239 48·
1235 3179 1284 3240 19.

317 3258 367 3313 Ex
391 3256 548 3334 Prophetis
565 3258 735 3316 maioribus
756 3267 785 3315 et
807 3258 977 3316 neinoribue
997 3257 1084 3318 dicto
1106 3270 1260 3336 excerpto,
1282 3278 1354 3316 cum

249 3340 380 3421 prologo
402 3350 429 3397 et
449 3344 679 3405 commmtaro'ie.
724 3340 798 3403 eod
821 3342 935 3403 Caesar.
952 3344 1121 3405 Vindobou.
1135 3343 1265 3423 theolog·
1279 3344 1351 3409 174.

256 3424 331 3487 Vide
348 3434 378 3484 et
390 3425 519 3485 indicem
531 3427 724 3507 prologorum
739 3427 820 3486 inter
841 3430 986 3508 opuscula
1004 3429 1164 3490 rhetorica.

302 3532 305 3540 ·
318 3503 433 3591 Ἀρίστη
446 3508 569 3593 ἱπιλαγή
580 3514 675 3575 θείων
682 3514 774 3574 τινοῖν
790 3505 907 3592 ῥήσεων
920 3520 975 3577 τοῦ
990 3516 1138 3598 μακαρίου
1152 3510 1352 3597 mtymstov

254 3586 329 3673 leit,
352 3596 576 3677 συμβαλλομένη
592 3596 681 3660 παντὶ
696 3600 866 3683 Χριστιανῷ
885 3598 929 3673 εἰς
942 3592 1098 3678 ὠφέλειαν.
1143 3600 1284 3678 Optimos
1297 3596 1353 3655 de-

254 3680 351 3739 lectus
370 3701 534 3741 sacrarum
559 3680 757 3762 quarundam
777 3687 995 3744 sententiarum
1020 3687 1101 3745 beati
1114 3696 1143 3743 et
1158 3686 1258 3761 sortia
1275 3683 1353 3759 loti,

255 3768 356 3825 cuivis
373 3764 548 3825 Christiano
563 3769 759 3832 utilissimos.
802 3769 940 3845 Initium,
963 3770 1015 3833 seul
1031 3770 1144 3853 ἐγένετο
1168 3767 1209 3843 οἷς
1219 3767 1242 3846 ἡ
1254 3767 1354 3851 ἡμέρα

255 3845 348 3931 αὕτη,
370 3850 422 3914 καὶ
445 3849 513 3915 toust
534 3844 636 3933 ἦλθον
655 3854 688 3917 oi
707 3850 826 3936 ἄγγελοι
847 3859 904 3919 τοῦ
918 3861 998 3918 θεοῦ
1017 3859 1207 3937 παραστῆναι
1219 3850 1354 3917 ἐνώπιον

254 3940 312 3998 soti
333 3938 452 4017 κυρίου.
480 3937 551 3997 Cod.
567 3941 681 3999 Caesen
698 3939 866 4002 Vindobon.
887 3939 1016 4021 theolog.
1032 3941 1102 4007 174.

339 4037 543 4098 Antirrleetico'
560 4050 588 4097 et
601 4042 779 4100 Steliteutici
794 4046 922 4123 priores.
966 4042 1133 4123 scripserat
1151 4045 1296 4123 Gregoras
1311 4043 1353 4101 li-

255 4120 326 4181 bres
347 4121 381 4181 in
394 4124 542 4185 Palemam
563 4126 800 4207 Antirrheticos,
821 4138 978 4209 antequam
994 4124 1026 4209 ²)
1048 4130 1272 4191 Cantacuzenuo
1291 4129 1352 4189 im-

294 4305 326 4375 1)
342 4304 383 4367 De
395 4308 571 4368 Moutienoou.
640 4312 673 4383 2)
688 4312 746 4367 Hoc
759 4317 817 4381 est,
833 4317 894 4371 oute
905 4330 999 4371 auom
1009 4329 1166 4371 soooxoru.
