3017 4742
219 311 271 362 ru
648 294 707 365 10.
721 292 895 371 uolutat

219 468 259 531 ts.
283 476 359 539 quae
370 454 508 519 Patavina
521 475 539 516 a
554 454 707 517 Frontone
720 454 839 516 lincaeo
850 462 975 535 accepts
986 454 1105 537 primns
1115 455 1269 536 vulgavit,
1289 466 1322 519 et

215 558 380 641 Nicephori
401 557 590 639 patriarchae
604 557 758 619 Breviario
768 556 916 619 historico
930 557 1096 619 subiunxit.
1139 559 1270 621 Desrsnt
1290 569 1323 621 et

219 662 278 725 alia
292 680 354 721 non
366 660 501 737 minora3
524 660 611 739 qmle
623 670 668 721 est
679 660 795 741 insigne
811 659 893 721 illud
905 659 944 721 de
957 660 1115 722 Athanasii
1131 660 1322 742 petriarclaae

218 762 387 839 severitate,
403 773 434 823 et
446 762 484 823 ds
496 761 711 823 monachorum
723 760 858 823 moribus
871 763 1051 841 emendatis3
1067 762 1142 825 item
1157 782 1236 845 quae
1246 782 1321 845 per·

91 920 95 927 .
216 865 315 925 tinent
328 864 367 923 ad
385 864 515 927 eiusdem
529 864 601 925 libri
619 874 709 945 caput
725 864 905 945 septimum,
925 863 966 925 ad
985 864 1057 925 libri
1071 866 1146 927 noni
1160 876 1255 947 caput
1265 887 1322 928 ss-

218 966 368 1040 cundum,
390 974 421 1027 et
434 967 473 1029 ad
487 964 560 1027 libri
573 966 724 1029 undecimi
736 976 829 1049 caput
840 967 913 1027 item
927 965 1102 1029 secundam.
1143 968 1278 1048 lienique
1286 967 1322 1027 in

218 1068 345 1147 singulis
357 1069 420 1131 lere
432 1068 549 1151 paginis
565 1068 657 1130 dictio
669 1070 768 1149 aliqua
781 1078 834 1129 aut
846 1068 935 1129 etism
946 1068 1051 1148 plures
1065 1068 1320 1141 desiderabantur.

216 1171 279 1234 Eos
292 1190 394 1233 omnes
408 1171 543 1233 defectus
557 1192 596 1233 ex
615 1172 721 1233 codice
731 1172 787 1231 illo
801 1168 895 1249 Regio
907 1169 1116 1250 supplevimus
1129 1171 1165 1231 in
1181 1171 1240 1233 bro
1255 1171 1321 1233 edi·

218 1271 310 1335 tione.
352 1272 466 1335 Maiora
478 1273 687 1355 supplementa
698 1272 731 1333 in
748 1271 931 1352 marginibus
943 1270 1091 1332 indicatas
1111 1273 1230 1335 minora
1250 1293 1322 1335 esn-

220 1371 343 1457 cellia*)
365 1375 496 1453 incluse3
517 1374 643 1435 mendae
660 1381 827 1458 praeterea,
848 1393 926 1456 quae
939 1373 1114 1437 innumerae
1135 1384 1239 1453 mant,
1258 1396 1320 1458 ops

213 1476 352 1539 eiusdem
365 1477 476 1540 codicis
490 1476 630 1541 sublatae.
1103 1522 1107 1529 .

304 1581 420 1645 Rursus
432 1580 466 1641 in
479 1602 514 1643 eo
526 1582 593 1661 ipso
616 1581 721 1643 codice
734 1578 797 1643 hoc
808 1587 918 1643 notatu
933 1578 1142 1659 dignissimum
1155 1589 1218 1659 eat,
1237 1578 1323 1661 quod

221 1700 297 1761 quse
316 1682 462 1761 Gregoras
484 1683 569 1745 libris
587 1692 716 1763 quatuor
735 1681 896 1764 postremis
916 1681 1047 1762 plurima
1064 1680 1210 1758 inseruit,
1229 1680 1322 1741 variis

220 1784 404 1865 temporibus
416 1806 434 1843 a
446 1804 478 1844 se
491 1784 679 1868 elucubrata,
699 1806 733 1845 ea
747 1786 811 1845 sera
827 1783 930 1845 οωιιίι
945 1783 1057 1843 ibidem
1069 1781 1185 1859 desint3
1205 1780 1253 1841 sic
1269 1802 1323 1843 au·

219 1894 281 1947 tem
299 1886 360 1947 suis
376 1906 510 1966 quaeque
530 1885 605 1947 locis
626 1885 723 1947 recise
748 1885 884 1963 fuerint,
904 1894 940 1945 ut
955 1883 1139 1947 narrationis
1160 1894 1321 1946 contextus

216 1987 306 2047 nullo
321 1985 407 2047 hiatu
419 1987 567 2067 abruptus
580 1988 631 2064 sit,
645 1987 699 2047 sed
711 1986 851 2047 omnibus
864 1986 999 2067 partibus
1012 1978 1083 2067 apte
1096 1984 1321 2049 cohaerentibus

218 2088 378 2167 integeret
392 2089 552 2149 corfinum
566 2090 720 2169 procedat.
761 2088 798 2149 ld
814 2090 963 2168 Grsgoaae
975 2088 1070 2170 ipsius
1083 2086 1198 2149 iudicio
1208 2090 1322 2151 tactum

222 2190 330 2255 veliunt
352 2210 449 2270 neque
464 2212 483 2251 a
494 2211 567 2251 uero
592 2190 750 2268 abhorret,
769 2209 839 2251 enm
858 2190 975 2271 primae
992 2190 1133 2252 editionis
1151 2212 1254 2253 rmore
1268 2212 1321 2253 re-

221 2293 364 2373 frigerata
380 2313 469 2353 suurn
482 2314 557 2375 opus
574 2292 798 2373 recognovisse,
820 2314 856 2353 sc
872 2315 906 2354 ea
922 2314 998 2373 quse
1021 2293 1191 2355 ostentandi
1207 2293 1322 2373 ingenii

223 2416 313 2460 causa
327 2404 475 2473 assuerat,
495 2396 661 2473 monodias,
682 2394 841 2472 orationes,
862 2396 978 2476 elinque
994 2396 1028 2457 id
1041 2416 1135 2477 genas
1149 2397 1321 2461 resecuisse.

223 2498 335 2561 Vereor
349 2508 462 2576 tamen,
481 2520 520 2561 ne
532 2510 564 2560 et
575 2500 686 2579 gloriae
700 2499 792 2579 paulo
807 2498 923 2561 avidior
943 2520 995 2561 eos
1014 2519 1148 2581 pannos,
1172 2501 1206 2561 in
1223 2501 1320 2582 prima

221 2602 389 2681 scriptione
411 2603 552 2679 omissos,
586 2600 714 2681 repetito
737 2601 845 2663 deinde
870 2601 957 2683 operi
980 2602 1199 2661 interseruerit.
1238 2603 1320 2665 Haeo

221 2704 288 2784 ipsa
303 2712 398 2779 certe,
424 2722 533 2783 quaer
555 2702 659 2763 codice
673 2704 764 2783 Regio
785 2704 885 2765 abesse
901 2704 1044 2779 dicimtu,
1064 2701 1144 2763 nihil
1165 2704 1204 2763 sd
1224 2704 1320 2765 bisto-

219 2807 298 2869 riam
312 2807 477 2886 pertinent:
499 2804 591 2865 immo
606 2803 780 2867 historicam
793 2826 896 2867 rerum
910 2805 1016 2867 seriam
1030 2807 1267 2886 interrumpunt,
1289 2816 1321 2871 et

219 2909 330 2972 lectori
343 2908 382 2969 ad
392 2907 506 2969 maiora
526 2908 680 2969 festinanti
693 2930 809 2969 moram
820 2908 975 2971 obiiciunt.
1007 2910 1120 2969 Tamen
1130 2908 1198 2988 quis
1210 2908 1243 2967 iu
1254 2908 1321 2985 illo,

220 3034 282 3093 quo
304 3033 378 3073 usus
397 3022 444 3071 est
458 3011 604 3089 Wolfius,
629 3011 732 3073 codice
750 3010 955 3092 manuscripto
979 3030 1049 3071 enm
1072 3012 1175 3071 locum
1198 3010 1319 3071 obtine-

221 3115 295 3175 bant
319 3134 408 3195 quem
425 3113 562 3175 inlibris
581 3113 668 3175 editis
685 3113 811 3194 habent,
833 3134 897 3175 nou
912 3112 977 3175 susi
989 3132 1091 3174 sumus
1107 3132 1142 3173 ea
1160 3112 1230 3193 loco
1250 3132 1319 3171 mo·

220 3227 333 3279 vereat
345 3216 406 3278 alio
420 3217 571 3295 relegare:
592 3216 646 3277 sed
662 3216 782 3295 eadem,
803 3224 834 3276 et
846 3216 905 3277 alia
920 3215 1066 3296 quaedam
1085 3214 1172 3275 uncis
1192 3212 1319 3283 inclusa,

221 3340 287 3383 non
301 3338 473 3401 comparere
485 3318 520 3381 in
541 3318 647 3383 codice
660 3317 762 3401 Regio,
780 3318 923 3381 lectorem
935 3317 1089 3382 admoneri
1098 3316 1171 3379 satis
1183 3334 1248 3377 esss
1257 3335 1319 3397 pu·

221 3423 359 3487 lavimus.

305 3524 411 3588 Varias
433 3521 578 3597 notiones
599 3523 759 3605 pleresque
787 3522 994 3605 suppeditavit
1017 3520 1097 3583 idem
1114 3516 1318 3584 Bibliothecse

219 3630 327 3710 Regiae
341 3627 438 3689 codex
442 3647 455 3702 ,·
475 3646 588 3708 pancas
599 3646 672 3689 vero
687 3625 714 3685 is
728 3625 815 3685 cuius
829 3646 971 3689 numanis
983 3634 1028 3685 est
1039 3627 1140 3698 2078,
1159 3640 1265 3702 parum
1279 3622 1317 3682 ab

220 3734 308 3795 editis
323 3732 479 3805 diversus;
500 3728 561 3789 nisi
574 3727 656 3810 quod
672 3727 706 3787 in
722 3728 871 3791 librorum
885 3736 917 3789 et
940 3726 1072 3807 capitum
1086 3725 1235 3785 divisim
1252 3723 1317 3785 dis-

220 3846 340 3915 crepet:
359 3834 456 3897 libros
478 3840 579 3891 autern
601 3850 665 3891 non
677 3831 781 3911 plures
794 3831 931 3891 continet
942 3850 1032 3911 quam
1045 3837 1185 3910 qustuor,
1199 3827 1318 3916 nmetri

219 3932 371 4014 praefixus
380 3942 426 3994 est
437 3932 531 3995 index
544 3932 693 3995 librorum
702 3954 766 3995 sex.
790 3932 1043 4010 Monodiaednse,
1055 3930 1231 4000 easscilicet
1241 3948 1318 4009 quas

219 4034 340 4098 britium
352 4036 422 4098 libri
435 4035 542 4097 decimi
556 4034 761 4113 comtituunt,
784 4033 944 4113 castigatae
958 4044 990 4097 et
1010 4035 1127 4117 aliquot
1139 4031 1317 4095 lectionibus

254 4188 283 4255 *l
298 4186 414 4254 [Mlssore
428 4202 531 4258 quoqne
543 4184 618 4241 buius
633 4182 731 4239 codicis
800 4184 945 4255 picturata,
963 4178 1086 4243 manebis
1106 4180 1316 4249 sublatla,'indi·

288 4255 725 4315 mutarinbrenovaodiu'onsio
814 4258 966 4353 ιαμ]
1071 4284 1077 4298 ·
1128 4280 1132 4290 ·
