3017 4742
350 324 584 399 fflsnonmss
603 326 883 398 nuzsnrlnnn
903 327 945 398 ll.
965 339 994 402 7.
1146 325 1223 400 497

135 501 190 562 κῶν
203 493 255 560 καλ
269 497 327 562 τοῦ
341 487 476 578 μεγάλου
492 490 672 574 δομεστίιιου
688 495 746 557 rofi
758 489 1020 579 Καντακουζηνοδ
1026 547 1037 577 ,
1059 493 1095 566 δν
1111 499 1144 565 ἓν
1157 512 1222 579 τοῖς
1262 514 1292 567 λ,
1310 517 1339 573 ο,

131 596 262 682 μάλιστα
276 594 433 681 σύμπνουν
447 619 480 661 τε
493 597 544 660 καί
561 590 723 682 ὁμόφρονα
732 593 824 687 αὐτῷ
836 620 870 661 τε
885 595 994 684 ἔφηνεν
1009 595 1026 665 δ
1036 588 1150 688 χρόνος
1169 607 1221 670 καί
1267 583 1344 639 ¹⁸²⁸

132 711 195 777 τοῖς
209 699 312 776 άλλοις
326 697 439 764 ἅπασιν
458 696 565 786 λλαρδν
575 699 627 762 καὶ
636 699 792 784 χαρίεντα.
828 697 895 764 ἐπεί
903 725 938 784 γε
951 700 1015 786 μήν
1031 703 1220 793 ἓφευρετικδυ
1261 657 1340 779 -rdlt

133 801 153 886 ἦ
166 799 276 888 ἀνάγκη
285 804 370 868 δοκεῖ
381 806 532 886 πολλαχῆ,
548 797 640 886 ελσήει
653 801 684 876 ἐς
695 796 820 886 γνώμην
837 800 899 885 ὀψὲ
911 806 962 868 καὶ
977 810 1023 894 τῷ
1035 812 1162 888 βασιλεῖ
1169 792 1385 911 διδιῐῗί··λ“λω“’

113 911 251 972 ὀπολλῶν
269 902 418 994 δραμάντι
439 910 502 969 τῶν
518 909 688 988 λογισμῶν,
714 899 757 980 ὥς
777 907 951 987 οἰκονομίας
970 904 1080 994 τράποι
1096 914 1146 976 καί
1166 910 1221 980 δά-
1256 875 1354 914 mm

130 1015 183 1074 λον
196 1010 415 1094 ίγκυμονοδσιιι
431 1005 564 1086 μίθοδοι
581 1009 686 1093 πολλῷ
700 1029 733 1090 γε
753 1012 810 1089 τῆς
828 1014 891 1073 τῶν
908 1007 1010 1076 ὅπλων
1026 1014 1100 1093 βίας
1115 1013 1224 1082 ἀνυσι-

128 1109 259 1198 μιάτεροι
278 1105 507 1193 καθεστήκασιν
530 1109 562 1185 ίς
583 1108 770 1174 τὰπλεῖστα
792 1113 856 1175 τῶν
873 1108 986 1195 ἴργων,
1013 1117 1064 1179 καὶ
1083 1114 1250 1199 μάλισταῙ)

128 1217 160 1290 ἒς
182 1210 282 1279 ὁπόσα
306 1210 467 1298 θορύβους
486 1216 653 1278 πλουτοῦσι
674 1211 826 1294 πολέμων.
867 1215 919 1277 καί
940 1211 1007 1297 ἅμα
1030 1217 1062 1293 ἐς
1085 1221 1143 1297 τὰς
1160 1229 1224 1290 τῶν

129 1320 269 1382 παλαιῶν
290 1314 412 1399 ἀνδρῶν
431 1311 557 1400 πράξεις
574 1314 665 1400 ἀνῆγε
684 1313 739 1380 τδν
756 1313 918 1400 λογισμδν,
947 1313 1031 1394 ὅπως
1045 1345 1077 1385 τε
1090 1325 1225 1410 Δαρεῖος

85 1434 120 1488 to
131 1416 149 1484 d
162 1421 283 1502 Μῆδος
300 1417 351 1484 διὰ
366 1413 522 1504 Ζαπάρου
540 1417 642 1508 ῥᾷστα
662 1417 719 1502 τήν
741 1416 862 1502 άμαχοκ
883 1415 941 1484 εἷλε
955 1423 1147 1504 Βαβυλῶνα·
1174 1430 1227 1492 καί

121 1522 312 1606 Ἀντίγονος,
346 1526 408 1587 τῶν
426 1516 627 1609 Ἀλεξάνδρου
648 1518 802 1605 διαδόχων
825 1517 842 1587 fi
865 1518 1045 1608 κράτιστος,
1079 1524 1227 1606 πολλάκις

124 1625 433 1708 καταστρατηγηθείς
456 1619 514 1688 fin’
541 1623 700 1707 Εὐμένους
706 1673 718 1705 ,
754 1622 789 1701 δς
811 1630 868 1710 τῆς
887 1623 1089 1714 Ἀλεξάνδρου
1113 1633 1227 1695 παλαί-

124 1751 224 1814 στρας
244 1720 283 1811 ἦν
305 1729 356 1792 καὶ
376 1725 487 1810 αὐτὸς,
515 1727 615 1813 γίμων
636 1723 735 1813 ὁρμῆς
759 1725 824 1793 alud
841 1730 1011 1812 γυμνασίου
1026 1739 1224 1817 περιφανοῦς,

121 1829 198 1913 τάχ’
221 1827 261 1894 dr
279 1829 387 1906 αὐτοῖς
409 1828 555 1914 δυνάμεσι
575 1830 677 1897 καὶτὸ
695 1832 748 1916 ζῇν
766 1829 990 1913 ἀπελίμπανεν,
1016 1835 1043 1898 εἰ
1058 1833 1103 1918 μή
1121 1831 1253 1912 δόλοιςλλ

81 1931 294 2022 15πάρλραιδεν
310 1935 363 1998 καὶ
381 1935 550 2020 λαθραίαις
564 1935 739 2016 ἐπιβουλαῖς
754 1931 809 2000 τδν
828 1931 928 2020 άνδρα
945 1937 1141 2020 διεχειρίζετο.
1176 1941 1229 2004 καί

119 2034 184 2123 πρά
199 2061 235 2122 γε
250 2032 369 2102 τούτων
387 2033 403 2102 δ
421 2035 589 2121 Ἀθηναῖος
605 2040 816 2120 Θεμιστοκλῆς
831 2035 886 2102 τδν
906 2037 1003 2102 πολδν
1019 2039 1132 2106 ἐκεῖνον
1153 2039 1229 2107 στά-

118 2146 175 2207 lor
198 2145 265 2206 τῶν
281 2135 406 2222 Μήδων
426 2135 527 2224 λόγοις
549 2142 748 2222 σίκονομικοῖς
763 2141 814 2205 καί
834 2136 937 2215 δόλοις
956 2139 1224 2229 κατετροπαίσατο,

115 2243 163 2328 μὴ
180 2239 355 2324 δυνάμενος
369 2241 479 2318 άλλως.
527 2239 592 2332 (Ε.)
621 2247 676 2330 Τῷ
694 2242 751 2324 μίν
767 2241 808 2327 δή
819 2247 946 2324 βασιλεῖ
953 2246 1148 2335 σκεπτομένῳ
1162 2272 1228 2312 τοι-

116 2353 206 2413 αὕτα
223 2341 368 2432 πρόσεισί
381 2369 427 2420 τις
445 2349 507 2412 τῶν
527 2350 584 2430 τῆς
608 2342 779 2431 συγκλήτου
802 2348 987 2432 Σφραντζῆς
1006 2344 1023 2412 δ
1045 2345 1227 2415 Παλαιολά-

75 2463 173 2536 ῑῡγος
199 2451 255 2515 καλ
281 2447 447 2531 ἀπολαβὼν
476 2445 586 2535 λάθρα
607 2453 821 2532 κοινολογιΐται
846 2451 999 2535 περὶτῶν
1024 2453 1227 2537 προκειμένοιν

109 2553 317 2644 φροντίδων·
350 2553 403 2616 καλ
429 2547 658 2640 δπισχνσυμίνῳ
681 2556 725 2640 τῷ
745 2556 869 2633 βασιλεῖ
894 2557 1028 2619 πλοῦτον
1052 2556 1103 2619 καί
1133 2552 1255 2633 δόξακῑί

110 2657 400 2736 άνδυπισχνεῒται,
438 2653 539 2741 φυγήν
568 2649 767 2740 διιοιιριθείς,
804 2649 962 2740 φονεάσειν
991 2655 1046 2721 τδν
1076 2654 1228 2743 Σνργιάν-
1261 2694 1263 2699 ·

106 2785 182 2844 νην.
231 2755 273 2824 οδ
298 2757 409 2822 πολλαὶ
432 2761 598 2844 παρῆλθον
625 2758 741 2824 ἐκεῖθεν
767 2751 879 2845 ήμίριιι
911 2758 963 2824 καλ
991 2754 1081 2846 φήμη
1108 2761 1229 2826 διασκί-

187 2904 237 2958 19.
261 2901 396 2973 Σφακζής
413 2902 457 2955 W.
474 2900 501 2955 in
517 2918 569 2973 mg.

102 3022 232 3077 lissimus
248 3018 404 3074 domesticos
415 3038 474 3076 mos
488 3025 515 3075 et
526 3037 643 3090 magnum
651 3019 826 3074 Domestienm
833 3020 1039 3074 Ganuenzennm
1048 3038 1055 3074 ι
1064 3037 1139 3092 quem
1151 3037 1229 3078 unum

105 3093 234 3146 omnium
256 3090 368 3144 maxime
380 3089 449 3144 idem
466 3107 521 3151 eum
541 3109 571 3144 eo
586 3091 669 3154 velle,
685 3090 754 3143 idem
766 3088 866 3160 spirare
883 3098 912 3142 et
929 3107 993 3158 erga
1010 3096 1126 3144 caeteros
1142 3108 1229 3147 omnes

101 3179 215 3217 comem
232 3167 266 3213 et
279 3157 386 3212 hilarem
399 3177 456 3213 esse
471 3167 571 3230 tempus
588 3159 774 3212 declaraverat.
809 3157 864 3211 Sed
880 3175 936 3210 eum
948 3159 1089 3212 necessitas
1098 3159 1229 3228 ingenium

100 3249 212 3285 neuere
227 3229 381 3300 plerumque
395 3229 528 3291 rideatur,
546 3234 604 3297 pust
617 3225 902 3298 multas'eogitstionum
914 3228 1034 3296 ambages
1043 3227 1143 3281 tandem
1154 3229 1230 3283 etiam

99 3301 143 3354 lm
168 3299 283 3353 erutori
295 3297 322 3349 in
334 3309 443 3350 mentem
459 3295 539 3361 venit,
556 3296 709 3367 prudentiae
731 3297 839 3348 consiliu
854 3303 882 3348 et
900 3296 993 3348 toetnu
1012 3296 1078 3348 dolis
1097 3299 1229 3352 solertiam

96 3319 192 3424 mullo
209 3368 278 3438 plus
292 3383 367 3435 posse
380 3383 454 3436 quam
466 3383 590 3420 armorum
604 3365 662 3429 vim,
681 3383 737 3418 eum
760 3365 793 3418 ad
802 3364 851 3417 alin
866 3364 975 3433 plurima
988 3367 1159 3434 expedienda,
1175 3376 1229 3422 tum

95 3441 228 3494 maxime
243 3436 281 3488 ad
297 3452 337 3498 ea,
349 3453 415 3503 qnae
427 3435 525 3488 bellicis
541 3435 688 3488 tumultibus
704 3433 784 3488 variis
798 3433 968 3504 implicantur.
994 3434 1127 3506 Simulque
1137 3437 1171 3489 ad
1183 3453 1229 3490 ve·

95 3517 196 3562 terum
210 3523 263 3558 res
276 3512 365 3574 gestas
380 3505 489 3558 animum
504 3504 609 3568 retulit,
626 3503 835 3573 quemadmodum
848 3502 943 3555 Darius
959 3520 1007 3572 per
1020 3503 1151 3575 Zopyrum
1161 3504 1230 3558 invi-

93 3585 176 3629 ctam
193 3575 364 3642 Babylonem
378 3573 456 3626 facile
475 3593 505 3626 ee
523 3573 602 3638 isset,
620 3581 648 3625 et
662 3572 820 3642 Antigonus,
837 3570 979 3624 Alexandri
994 3589 1167 3626 suceessorum
1183 3589 1231 3655 po·

93 3643 296 3704 tristissimus,
313 3660 391 3712 saepe
400 3591 631 3696 artibnsllumenie
643 3641 737 3706 victus,
751 3641 796 3710 qni
804 3639 893 3710 etipse
905 3657 936 3692 ex
950 3640 1087 3695 Alexandri
1095 3641 1231 3710 disciplina

117 3712 263 3767 redierat
280 3719 307 3763 et
323 3710 455 3779 praeclare
472 3711 658 3765 exercitatione
671 3710 810 3764 acerrimus
824 3711 932 3765 bellator
944 3719 1078 3774 eraserat,
1096 3709 1231 3764 abeodem

90 3783 232 3838 torsitan
247 3794 304 3830 non
320 3780 517 3845 medentibus,
535 3779 582 3835 sed
595 3779 650 3832 vitu
666 3778 742 3832 etiam
756 3779 883 3850 spolietur
902 3787 987 3844 esset,
1003 3778 1053 3831 nisi
1072 3777 1168 3830 eminus
1183 3778 1231 3830 dn-

88 3855 131 3908 lie
148 3857 182 3903 et
201 3846 382 3901 clandestinis
393 3849 624 3902 machinationibus
635 3848 717 3902 virum
733 3849 895 3903 sustulissetr
911 3859 964 3902 tum
978 3852 1077 3899 utente
1090 3847 1231 3899 bornebe-

85 3919 214 3978 niensis
236 3915 430 3969 Tbemistueles
444 3935 558 3988 magnam
575 3917 643 3970 illam
656 3917 790 3972 Medorum
809 3919 933 3978 classem,
951 3914 1045 3986 alioqui
1067 3913 1232 3984 insuperabi-

84 3995 168 4054 lem,
192 3984 313 4040 callidis
326 3985 413 4038 verbis
427 3991 453 4039 et
469 3986 534 4040 dolis
548 3987 721 4058 profligasset.
772 3987 819 4056 V.)
835 3987 1016 4056 Imperatorem
1029 3985 1151 4037 sutemin
1166 3986 1231 4036 hane

86 4076 197 4114 curum
215 4057 355 4109 intentum
365 4063 468 4108 senator
480 4055 582 4125 quidam
594 4057 755 4124 Spbrsntzes
790 4055 937 4122 nlaeologns
950 4052 1006 4105 adit
1020 4058 1046 4105 et
1058 4053 1114 4106 sine
1127 4051 1232 4104 arbitris

81 4127 283 4200 alloquitur3
302 4121 334 4176 de
347 4123 524 4193 praesentibus
535 4125 646 4193 negotiis
658 4141 714 4178 eum
727 4125 757 4178 'eo
771 4123 835 4176 clem
848 4123 991 4185 deliberat3
1008 4136 1071 4192 opes
1081 4129 1109 4174 et
1120 4121 1233 4175 bonores

81 4193 255 4272 pollicenti
273 4191 387 4246 vicissim
401 4193 504 4246 caedem
517 4193 670 4264 Syrginnnis
689 4195 843 4263 pollicetur,
861 4207 938 4260 quam
951 4189 1014 4258 lugu
1036 4189 1153 4242 simulntn
1167 4207 1234 4272 per-

80 4277 276 4342 petraturus
294 4263 337 4314 sit.
371 4261 434 4315 Non
448 4261 533 4316 multis
547 4262 638 4316 diebus
651 4279 685 4316 ea
699 4281 729 4318 eo
745 4259 841 4334 elapsis
856 4259 925 4314 isms
943 4258 1014 4313 eires
1023 4259 1233 4324 Thusslomeam

171 4348 362 4420 Ns‘ecplmrnr
380 4349 490 4421 Gregor.
519 4349 574 4403 Vol.
589 4349 611 4405 l.
982 4333 1027 4398 32
