3017 4742
299 267 303 276 ’
393 325 624 396 msaoaus
642 325 919 396 erzaarmae
939 325 996 398 ax.
1017 339 1048 400 a.
1169 320 1245 399 οοο

154 491 247 558 edroi
260 493 313 558 καὶ
328 487 455 578 κηρόξαι
477 491 604 576 ἐκκοπὴν
619 497 675 575 τῆς
693 490 744 556 ἐπ’
761 491 923 578 ἐκκλησίας
945 489 1051 582 φήμης
1068 492 1167 563 alsae
1190 500 1241 564 καὶ
1283 507 1312 560 Δ.
1329 509 1358 559 c.

151 595 311 678 ἀπειλῆσαι
332 596 416 684 αὐτῷ
427 594 480 662 τόν
494 595 556 660 dul
576 600 653 660 θεοῦ
666 591 844 681 χωρισμόν·
868 598 922 660 ἵνα
935 601 1096 690 συσταλεὶς
1114 602 1164 665 καί
1178 625 1241 666 σιο-
1285 576 1353 694 13²

151 701 329 784 φρονισθείς
344 698 509 784 ἐπιστρέψῃ
531 703 649 777 καλῶς,
679 695 754 764 ὅθεν
777 699 888 782 ἐξῆλθε
910 706 1027 781 κακῶς,
1051 703 1102 766 καί
1119 703 1240 788 γένηται
1286 713 1352 768 1328

152 803 317 885 κληροῦχος
340 793 434 876 αὖθις
450 807 508 883 τῆς
526 825 559 866 τε
580 802 737 882 βασιλείας
758 803 809 864 καλ
829 798 895 883 ἅμα
916 807 973 886 τῆς
994 803 1071 887 ἐμῆς
1092 783 1402 902 εὐλογίαςωὲἑὲζῗίῗθ

126 907 214 968 druis
229 903 287 988 γάρ
300 899 444 970 ἀπόντων
460 902 558 978 οάδείς
572 901 668 968 edroi
685 902 815 988 κέκριται
828 901 1044 991 προτιμότερος
1053 904 1152 990 ἴμοιγε
1165 908 1273 992 πρδςῐί

148 1004 205 1087 τὴν
225 1007 402 1087 βασιλείαν,
429 1002 525 1086 μόνον
544 1006 570 1069 εί
587 1000 730 1087 βούλοιτο
746 1003 803 1088 τὴν
814 1002 1030 1090 προσήκουσαν
1048 1008 1147 1089 νέμειν
1161 1013 1241 1076 αἰδῶ

148 1117 216 1182 ταῖς
230 1107 318 1190 ἐμαῖς
330 1104 506 1188 ὑποθήκαις
521 1108 570 1171 καὶ
583 1106 801 1192 παραινέσεσιν.
828 1105 863 1176 δν
877 1106 936 1194 γὰρ
949 1109 1076 1194 ἐπέθηκε
1091 1117 1130 1197 τῇ
1142 1109 1268 1179 nicode*

149 1211 322 1298 δημηγορία
351 1209 507 1293 ἐπίλογον,
543 1209 751 1292 πεπλασμένος
772 1201 812 1292 ἦν
834 1212 885 1278 καί
905 1210 984 1275 nalal
1007 1211 1043 1278 τδ
1066 1220 1238 1298 πανοῦργον

150 1307 227 1392 έχων
239 1307 386 1398 όφέρπον.
420 1308 571 1394 η’κοόσατε
584 1311 660 1397 γὰρ,
684 1308 800 1387 ὁπόσας
816 1312 872 1390 τοὶς
888 1313 1044 1398 λοιδορίας
1062 1313 1139 1401 παρ’
1163 1315 1238 1403 δλην

105 1413 247 1478 10αάτοῦ
269 1412 325 1497 τὴν
347 1416 536 1499 δημηγορίαν
555 1411 721 1498 ἐπήντλησε
736 1413 808 1480 κατ’
824 1417 916 1498 ἐμοῦ,
944 1414 1022 1497 πρδς
1042 1413 1080 1492 ἃς
1094 1417 1238 1500 οὐδεμίαν

147 1514 205 1598 ἔχει
222 1514 279 1598 τὴν
293 1512 442 1602 ἁρμονίαν
456 1512 472 1581 d
487 1518 633 1602 ἐπίλογος.
660 1515 731 1581 ἀλλ’
746 1520 799 1582 ἵνα
811 1518 884 1595 rodo
899 1514 1069 1593 ἀκοόοντας
1083 1519 1236 1604 ἐξαπατή-

145 1641 206 1693 σας
220 1619 316 1704 ἐγείρη
333 1619 404 1682 κατ’
422 1620 515 1701 ἐμοῦ,
533 1626 673 1684 τοιοῦτον
687 1617 817 1703 ἐπέθηκε
826 1625 866 1706 τῇ
882 1621 1055 1710 δημηγορίᾳ
1069 1620 1106 1686 od
1118 1621 1236 1696 τέλος.”

145 1718 216 1807 (l'.)
243 1725 353 1784 Ταῦτα
367 1717 528 1803 ἀκηκοότες
543 1721 571 1786 οἱ
584 1722 640 1795 μέν
652 1721 769 1786 συνέσει
787 1723 838 1785 καί
853 1716 935 1808 λόγῳ
954 1719 1155 1804 κοσμούμενοι
1174 1730 1236 1790 τῶν
1252 1732 1284 1789 l‘.
1299 1728 1350 1789 248

144 1821 309 1909 ἀρχιερέων
333 1819 485 1909 συνῄεσαν
514 1833 580 1898 τοῖς
608 1821 775 1910 είρημένοις
802 1824 853 1888 καί
882 1823 999 1906 σκοπὴν
1024 1830 1157 1909 παντελῆ
1179 1833 1235 1892 τοῦ

100 1935 137 1990 15
148 1922 300 2008 ὀνόματος
318 1931 374 1990 τοῦ
395 1924 466 1990 νέου
484 1925 635 2008 βασιλέως
655 1929 796 2009 πανταχῆ
815 1932 877 1990 τῶν
897 1926 1061 2009 ἐκκλησιῶν
1081 1924 1238 2014 ίκόρωσαν

144 2034 357 2112 κηρυχθῆναι,
388 2028 493 2114 μέχρις
513 2026 552 2094 ἀν
573 2027 748 2113 ἐπιστρέηίηη.
791 2032 836 2112 τῷ
856 2027 890 2092 δέ
908 2026 1082 2114 πατριάρχη
1102 2032 1153 2095 καί
1173 2037 1238 2096 τῶν

141 2130 308 2216 ἀρχιερέων
322 2133 447 2198 καὶτῶν
464 2135 612 2216 κληρικῶν
625 2128 705 2194 ἐστιν
726 2125 772 2203 οίς
790 2128 846 2194 οάκ
861 2128 962 2204 ἔδοξεν
974 2129 1083 2216 εὔλογα
1099 2131 1139 2198 τό
1152 2133 1235 2220 είρη-

137 2233 232 2314 μένα.
260 2232 369 2298 διὸκαὶ
385 2228 568 2308 ἀναστάντες
584 2229 720 2318 ἀπῄεσαν
734 2229 848 2312 ailredo,
872 2233 970 2312 μηδέν
983 2234 1075 2298 πλέον
1090 2231 1232 2317 εἰπόντες,
1344 2259 1347 2267 ’

136 2335 202 2400 ὅτε
217 2333 271 2398 διιὶ
287 2334 343 2418 τὴν
365 2332 505 2400 σόνοικον
527 2334 673 2420 ἀλογίαν,
701 2333 759 2400 εἴτ’
781 2335 838 2400 οάκ
852 2330 915 2401 οἶδ’
930 2331 1023 2411 ὅπως.
1050 2335 1151 2404 ἔπειτα
1165 2338 1235 2402 δια-

90 2433 392 2524 Ξονυκτερεόσαντες
412 2440 462 2502 καί
488 2435 571 2514 dno}
592 2437 643 2502 καλ
669 2438 717 2512 δίς
738 2438 770 2502 ἐν
791 2447 856 2514 τοῖς
883 2449 1112 2524 πατριαρχικοΐς
1138 2437 1232 2516 οἷ’κοις

135 2542 337 2623 συνωμοσίας
346 2543 396 2605 καί
410 2542 562 2626 φρατρίας
571 2536 823 2618 συνεσκευάζοντο
837 2539 917 2606 κατὰ
929 2547 985 2605 τοῦ
997 2547 1125 2629 γηραιοῦ
1139 2548 1262 2623 βασι-Β

135 2643 237 2717 λέισς·
264 2641 281 2706 ‘d
297 2643 539 2728 διαψιθορισθέν
552 2645 603 2708 καί
621 2643 767 2708 διαδοθέν
783 2643 813 2717 ἐς
825 2642 879 2709 τδν
892 2645 991 2726 δῆμον
1002 2645 1053 2708 καὶ
1069 2644 1099 2718 ἐς
1118 2643 1160 2708 τό
1171 2648 1235 2708 τῶν

135 2739 174 2811 ed
200 2741 367 2829 γεγονότοιν
388 2741 570 2829 συστήματα
586 2745 745 2820 πλείστους
760 2741 942 2811 καὶτούτων
959 2741 1111 2828 ἠνάγκασε
1128 2740 1234 2829 λάθρα

134 2847 381 2930 ξυνεληλυθέναι
403 2853 443 2935 τῇ
463 2844 580 2913 τοότων
600 2849 775 2938 συνωμοσίᾳ
788 2869 820 2915 τε
837 2849 888 2913 καί
902 2847 1039 2940 φρατρέρ
1060 2848 1110 2909 καὶ
1125 2842 1235 2932 ὅρκους

215 2961 258 3013 16.
279 2958 337 3026 καί]
355 2953 408 3013 κάκ
424 2960 454 3012 Α.
523 2959 567 3013 21.
590 2959 710 3029 φατρίας
725 2959 755 3014 Α.

134 3045 298 3112 insurgere,
315 3051 341 3094 et
355 3044 409 3095 eiua
422 3061 510 3096 nomen
532 3063 564 3097 ex
579 3045 762 3098 Ecclesiastico
774 3041 909 3112 praeconio
923 3040 1116 3112 expungendum
1130 3039 1232 3110 procla-

131 3128 229 3175 mcre‚
247 3119 274 3164 et
284 3111 485 3165 interdictionem
500 3111 581 3165 eidem
599 3113 720 3176 minitari,
736 3129 788 3181 qua
800 3129 816 3163 a
829 3111 916 3163 divina
928 3109 1100 3163 communione
1112 3108 1232 3162 exclude·

132 3189 201 3244 tur;
218 3188 248 3232 ut
262 3197 419 3250 compressus
433 3190 460 3233 et
478 3181 625 3234 emendatus
642 3181 746 3252 pulchre
762 3199 793 3234 eo
808 3187 968 3242 revertatur,
984 3178 1052 3230 unde
1067 3176 1179 3248 turpiter
1190 3183 1231 3232 est

132 3265 280 3318 egressus,
305 3258 333 3301 et
350 3267 437 3302 rursus
456 3251 548 3302 haeres
568 3251 614 3303 fiet
632 3257 660 3303 et
672 3249 778 3318 Imperii
792 3256 819 3301 et
836 3247 1016 3300 moderationis
1037 3263 1116 3300 mene.
1148 3248 1231 3301 Nemo

131 3319 239 3388 quippe
250 3317 358 3370 omnium
371 3327 420 3382 est,
436 3334 509 3387 quem
522 3317 555 3388 ad
565 3311 702 3387 imperium
713 3323 828 3370 evectum
842 3317 941 3369 malim:
958 3315 1031 3368 modo
1043 3316 1067 3368 is
1081 3315 1143 3368 velit
1155 3333 1233 3387 prae·

132 3393 221 3458 cepta
238 3403 294 3438 mea
310 3392 337 3439 et
352 3387 448 3438 monita
464 3387 503 3439 ite
517 3392 547 3438 ut
565 3403 613 3456 par
633 3394 674 3438 est
693 3387 816 3439 revereri.
850 3387 934 3449 Quam
952 3384 1018 3436 enim
1039 3403 1100 3438 suae
1117 3385 1232 3440 concioni

133 3453 330 3524 perorationem
343 3455 459 3518 addidit,
477 3473 507 3507 ea
521 3454 688 3507 simulationis
701 3455 777 3524 plene
795 3455 847 3507 fuit
865 3460 892 3507 et
910 3453 1013 3508 latentis
1026 3453 1136 3507 malitiae
1150 3453 1232 3524 plari-

133 3522 249 3575 rnumin
270 3540 298 3576 oe
312 3523 408 3576 habuit
443 3523 557 3576 Audistis
570 3525 636 3576 enim
653 3531 715 3594 quot
733 3523 847 3576 convicia
863 3522 891 3574 in
913 3540 953 3575 me
970 3528 1026 3576 toto
1047 3538 1093 3574 sua
1111 3523 1232 3576 concione

133 3589 283 3654 effuderit3
300 3608 354 3644 cum
366 3593 456 3662 quibus
477 3593 604 3662 peroratio
625 3592 681 3660 ipsa
698 3591 797 3644 minime
816 3591 948 3645 consentit
982 3591 1035 3645 Sed
1054 3599 1084 3643 ut
1100 3591 1232 3644 auditores

132 3659 268 3726 deceptos
281 3666 368 3712 contra
375 3677 414 3713 me
422 3663 573 3725 concitaret,
584 3659 660 3713 talem
667 3660 776 3712 orationi
782 3678 843 3712 suae
854 3661 927 3715 linem
932 3660 1078 3730 imposuit.”
1095 3659 1169 3728 (ΙΙΙ.)
1180 3657 1230 3709 His

130 3726 241 3781 auditis
269 3727 402 3795 pontifices
440 3731 556 3782 rudentis
577 3733 604 3782 et
624 3728 766 3781 eruditione
784 3736 945 3800 praestantes
966 3745 1115 3790 assensere,
1138 3733 1166 3777 et
1183 3740 1231 3793 per

130 3811 231 3848 omnes
243 3794 374 3849 Ecclesiae
388 3797 535 3850 edicendum
548 3813 604 3850 esse
618 3802 788 3863 censuerunt,
804 3806 834 3851 ut
853 3798 959 3851 iunioris
975 3794 1114 3850 Andronici
1131 3809 1231 3855 nomen,

130 3866 227 3919 donec
239 3863 262 3916 is
276 3865 443 3933 resipuisset,
460 3866 559 3919 omnino
576 3865 702 3919 sileretur.
734 3866 903 3920 Petriarchae
920 3883 981 3919 vero
992 3873 1019 3917 et
1029 3862 1191 3933 pontificibus
1204 3866 1242 3912 et'

127 3932 246 3988 clericis
257 3933 382 3987 nonnullis
396 3953 427 3988 ea
440 3935 565 3988 sententia
578 3949 628 3986 non
640 3936 746 4005 probata
760 3940 807 3989 est
836 3937 923 3999 Quare
937 3933 999 3986 nilail
1013 3931 1119 4001 emplius
1129 3928 1231 3997 loquuti

128 4007 309 4055 surrexerunt
330 4021 362 4054 ac
383 4003 481 4056 donum
496 4004 630 4067 abierunt,
651 4005 707 4058 sive
724 4005 757 4056 ob
773 4004 921 4058 familiarem
937 4001 989 4053 illic
1010 4001 1134 4068 elinguem
1151 4013 1232 4068 quan·

128 4071 202 4123 dam
216 4069 408 4138 stupiditatem,
425 4072 480 4124 sive
493 4074 526 4125 ob
540 4070 609 4126 eliud
627 4074 713 4127 nescio
728 4073 799 4142 quid.
833 4072 933 4126 Deinde
945 4074 1020 4122 nome
1035 4068 1062 4119 in
1078 4065 1231 4136 patriarchi-

130 4138 182 4190 cis
196 4137 300 4191 aedibus
312 4141 390 4194 semel
402 4147 479 4209 atapue
491 4141 583 4194 iterum
595 4149 695 4206 exacta,
711 4141 738 4194 in
748 4141 871 4193 seniorem
876 4141 1056 4208 Imperatorem
1069 4135 1233 4188 coniuranmt

131 4211 169 4259 et
187 4206 333 4260 societatem
348 4207 487 4262 coiverunt.
522 4209 599 4273 Quod
617 4227 671 4262 οιαπ
685 4209 874 4270 mussitaremr,
891 4223 938 4259 nec
950 4204 1044 4275 populo
1056 4209 1165 4266 mutum,
1185 4203 1232 4255 aed

129 4279 167 4327 et
186 4274 313 4330 nobilibus
327 4279 476 4346 quibusdam
494 4277 682 4342 innotesceret,
697 4279 833 4347 plerosque
844 4277 920 4329 etism
935 4277 1023 4326 lacrum
1036 4273 1121 4342 coegit
1138 4270 1171 4323 ad
1192 4273 1232 4324 ia·

129 4342 254 4398 ctionem
267 4353 295 4398 et
313 4346 514 4400 coniurationem
524 4347 623 4400 illorum
637 4345 700 4402 δοιο
719 4347 836 4401 conferre
855 4362 899 4411 se,
917 4349 945 4398 et
964 4343 1087 4413 scriptum
1105 4341 1234 4395 iusiuran-
