3017 4742
388 183 624 271 ursnonnc
643 183 921 255 nrznnumm
941 185 996 255 ιιι.
1017 194 1067 259 ιι.
1189 168 1264 249 σοι

161 355 208 432 uic
227 355 260 421 ui
283 361 341 421 roi
368 321 510 418 ίπιπίδου
525 349 558 415 la
571 347 735 435 διαμίτρου
750 344 918 436 ἀκρότητες
936 356 1002 422 τῶν,
1014 356 1182 433 βασιλικῶν
1197 375 1264 438 τρι·
1305 362 1338 414 Α.
1357 359 1387 413 c.

160 462 275 526 κλίνων
298 454 469 544 ἀμφότεραι
486 451 677 534 δπίρκεινταί
690 477 749 515 που
767 459 824 517 τοῦ
837 453 953 536 μεταξύ
967 455 1110 519 ε’πιπίδου
1129 454 1200 540 άχρι
1213 458 1263 520 καὶ
1317 431 1386 552 1ῗὲ8

161 565 196 640 ἐς
211 564 315 648 τρίτον
329 561 499 640 σπιθαμῆς,
510 557 560 619 καί
573 552 710 640 μάλιστα
726 551 786 638 ὅπη
796 557 846 618 καὶ
860 553 878 620 δ
891 557 1051 637 βασιλικός
1065 554 1263 644 δ’στηκεθρό-
1313 567 1381 626 1341

159 687 234 742 νος·
246 664 289 728 l'v'
308 664 382 736 ίσως
395 658 449 744 ἴχῃ
466 683 495 722 τι
510 658 568 722 κάν
583 655 683 746 τούτῳ
692 657 784 723 πλίον
796 664 859 722 τῶν
876 655 977 726 ittae
992 657 1009 726 ὃ
1017 643 1429 763 βασιλεύςὶστάῐῆίζῆέὲζοῃ·

131 783 251 852 ὀμενος
266 764 298 828 ἕν
312 788 345 829 τε
362 773 432 837 ταῖς
448 761 542 848 ἱεραῖς
554 757 722 850 δμνιρδίαις
737 763 787 826 καί
806 759 856 826 ὅτε
870 762 1037 846 διαλέγοιτο
1054 772 1111 830 νῦν
1124 768 1182 848 μίν
1196 731 1312 844 ταῖςοὶ11
1388 749 1395 762 ’

157 864 316 952 ὑπηκόοις,
326 872 382 932 νῦν
391 865 426 930 δὲ
438 875 504 941 τοῖς
520 866 552 942 ἐξ
567 867 668 931 idulio
681 864 853 950 πρίσβεσιν,
881 865 993 941 ε”ξεῖναί
999 889 1031 950 με
1043 867 1106 951 μῆν
1119 869 1170 933 ἔπ’
1187 871 1263 935 ε’κεί-

156 997 216 1056 τῆς
238 977 295 1054 τῆς
313 967 450 1045 στάσεως
472 967 570 1034 οὐδενὶ
590 975 653 1034 τῶν
676 963 822 1032 ἁπάντων
844 974 887 1056 τῷ
902 973 1029 1050 βασιλεῖ
1039 972 1256 1054 συνίστασθαι,
1277 981 1309 1033 V.
1323 982 1377 1036 283

158 1076 242 1160 πλὴν
264 1083 320 1158 τῆς
344 1071 474 1158 συζύγου
497 1073 632 1138 καὶτῶν
660 1069 750 1135 viltor
775 1072 826 1134 uui
851 1071 1012 1158 ἀδελφῶν·
1039 1079 1211 1160 προσθείην
1227 1077 1260 1141 δ’

158 1177 199 1244 ἂν
223 1180 272 1243 καί
296 1184 360 1243 τῶν
387 1177 621 1263 πατραδίλφων.
656 1172 736 1240 ἀλλὰ
757 1170 869 1239 τούτου
892 1199 925 1259 με
942 1175 1106 1257 ι’σταμίνου
1124 1180 1174 1242 καλ
1191 1175 1292 1262 ripe-1¹*

112 1283 289 1356 1θλούντσς
310 1282 425 1345 ίκεῖθεν
450 1275 497 1355 οἷς
520 1281 611 1365 ίχρῆν
632 1275 764 1365 ἀνῄεσαν
788 1279 840 1342 καλ
863 1276 1046 1343 συνίσταντό
1064 1279 1093 1344 oi
1108 1279 1166 1362 οὐχ
1177 1279 1263 1357 ὅπως

158 1383 268 1450 άπασα
289 1390 352 1450 τῶν
376 1383 503 1468 εὐγενῶν
519 1379 539 1467 ῆ
562 1379 684 1466 νεάτης,
713 1379 794 1447 ἀλλά
819 1383 870 1446 καὶ
886 1388 950 1446 τῶν
962 1382 1100 1465 χυδαίων
1114 1385 1166 1446 καλ
1179 1379 1261 1468 ύπη-

159 1488 250 1576 ρίτου
268 1484 355 1564 τάξιν
369 1483 516 1569 ίχόντων,
545 1481 591 1560 σίς
606 1484 683 1570 πρὸς
698 1481 877 1567 βουλήσεως
893 1477 941 1568 ῆν.
970 1480 1012 1560 ὥς
1027 1485 1078 1548 καὶ
1093 1481 1262 1563 τοσούτους

158 1593 303 1678 ἐντεῦθεν
323 1592 464 1674 γίνεσθαι
488 1587 562 1664 τούς
585 1587 805 1668 συνωθισμοδς
826 1590 894 1673 περὶ
915 1585 1010 1652 αύτδν
1025 1585 1189 1671 πολλάκις,
1217 1588 1261 1666 ὥς

158 1690 291 1760 ύπείκειν
307 1692 402 1757 αύτδν
418 1695 468 1758 καλ
484 1687 634 1756 ἐνδιδόναι
651 1693 702 1756 καὶ
718 1689 886 1772 άλλοιςμίν
900 1696 958 1774 τῆς
972 1688 1140 1777 ύττερτίρας
1156 1719 1260 1780 παρα-

108 1807 148 1863 15
154 1807 267 1882 χωρεῖν
289 1793 441 1878 στάσεως,
470 1795 565 1860 αύτδν
588 1797 606 1858 δ
611 1793 620 1818 ²
639 1793 738 1881 ἠρέμα
754 1793 887 1858 κατιίναι
903 1792 981 1879 πρὸς
996 1793 1032 1860 τδ
1049 1799 1107 1859 τοῦ
1122 1792 1259 1882 ἐδάφους

153 1895 432 1984 χυμαιζηλότερον,
459 1900 567 1982 μηδενὶ
587 1903 649 1964 τῶν
672 1893 817 1962 ἁπάντων
838 1894 1021 1980 ἀχθόμενον.
1076 1895 1150 1985 (Η.)
1176 1901 1263 1986 Περί
1271 1902 1303 1959 Ρ.
1322 1904 1372 1959 351

157 2028 190 2087 με
209 2003 272 2086 μὴν
290 2008 347 2086 τῆς
370 2003 418 2066 ini
441 2007 576 2088 κεφαλῆς
600 1998 776 2088 καλύπτρας
792 2001 839 2063 ε’πλ
854 2000 911 2083 μὲν
926 2004 989 2064 τάν
1003 1995 1154 2087 πρότερον
1165 2008 1259 2084 βασι-

158 2106 234 2170 λέων
248 2105 337 2185 ἔθος,
366 2104 440 2181 τούς
451 2106 507 2189 μδν
519 2101 622 2192 χρόνῳ
636 2099 870 2190 προβεβηκότας
880 2104 912 2167 ίν
925 2113 991 2178 τοῖς
1002 2106 1169 2186 βασιλείοις
1179 2112 1259 2191 χρῆ-

158 2215 238 2273 σθαι
254 2205 460 2292 καλύπτραις,
478 2209 650 2293 πυραμίδος
672 2207 728 2289 μίν
753 2202 895 2288 ἐχούσαις
909 2212 1030 2290 σχῆμα,
1062 2213 1207 2293 Σηρικοῖς
1222 2206 1256 2271 δ’

107 2323 149 2376 20
159 2309 308 2392 ἐνδύμασι
322 2311 401 2375 κατά
422 2310 458 2376 τδ
475 2308 624 2394 άύάλογον
639 2305 758 2398 ἑκάστῳ
771 2309 890 2391 ἀξίωμα
905 2310 1166 2392 καλυπτομίναις·
1192 2308 1259 2376 ὅσοι

158 2413 192 2479 δ’
217 2415 248 2478 ίν
268 2411 369 2504 ῆλικίρ
377 2463 387 2495 ,
416 2411 546 2489 τούτους
565 2414 599 2478 δι’
615 2409 733 2488 πάντας
748 2408 898 2489 καθάπαξ
914 2409 1090 2477 άκάλυπτον
1107 2413 1185 2496 ἔχειν
1201 2411 1259 2498 τῆν
1311 2452 1315 2463 ·

157 2514 303 2603 κειμαλῆν.
341 2518 389 2580 ini
409 2517 443 2580 δὲ
457 2523 514 2600 τῆς
526 2515 623 2581 αιἰτού
637 2518 796 2598 βασιλείας
809 2516 840 2590 ίς
856 2522 1006 2582 τοσοῦτον
1022 2514 1100 2603 ἴῤῥει
1120 2516 1157 2583 τδ
1183 2515 1260 2592 ἔθος

155 2621 242 2685 τουτί
250 2668 260 2700 ,
290 2616 331 2695 ὦς
352 2616 541 2705 καλύπτραις
558 2619 615 2702 μὲν
628 2625 797 2706 κεχρῆσθαι
811 2615 929 2693 πάντας
943 2615 1022 2700 όμοῦ
1038 2622 1089 2683 καί
1104 2620 1191 2696 νίους
1204 2622 1285 2710 καλΒ

156 2719 326 2808 άφῆλικας,
355 2719 468 2806 δμοίως
482 2720 585 2808 ὥσπερ
600 2722 632 2787 ἓν
654 2723 776 2810 άχροΐς,
804 2720 887 2786 ούτω
908 2723 959 2786 καλ
979 2724 1144 2804 βασιλείων
1158 2722 1254 2802 ίντδς,

224 2848 334 2976 4ὲέχῖ
349 2851 381 2905 Α.
451 2852 493 2910 13.
511 2845 656 2921 άθισμοδς
672 2853 704 2907 Α.
774 2852 817 2910 17.
838 2847 891 2921 μλν
907 2849 967 2907 add·
984 2851 1017 2908 Α.
1095 2854 1139 2908 18.
1161 2853 1258 2925 mpp-

225 2938 295 2976 σαι
336 2957 343 2972 .

156 3024 219 3088 bus,
237 3023 460 3094 Imperatoriorum
489 3023 659 3078 tricliniorum
679 3025 818 3094 pavimenti
835 3025 991 3078 summitates
1010 3022 1097 3076 ambas
1113 3022 1184 3078 iuter
1197 3041 1256 3077 seso

156 3093 288 3162 oppositas
306 3095 418 3146 eminere
436 3110 516 3163 supra
536 3094 695 3147 interiectum
711 3095 790 3148 solum
804 3112 888 3164 usque
903 3096 937 3147 ad
952 3094 1029 3164 palmi
1042 3092 1179 3157 trientem,
1195 3093 1255 3146 illuc

155 3162 262 3216 maxime
284 3164 327 3215 ubi
342 3163 536 3232 imperatorium
550 3164 638 3216 solium
651 3173 692 3216 est
704 3166 889 3227 coustitutum
906 3163 1021 3216 nimirum
1035 3170 1065 3214 ut
1079 3172 1107 3215 et
1120 3163 1148 3214 in
1160 3179 1191 3214 oo
1203 3163 1255 3214 lm-

155 3241 261 3301 perator
287 3232 385 3301 aliquid
406 3249 468 3301 pree
489 3233 598 3286 caeteris
618 3233 735 3285 eximium
755 3235 865 3298 babeat,
887 3233 943 3286 sire
963 3234 990 3285 in
1008 3231 1090 3284 sacris
1110 3232 1256 3300 hymnodiis

156 3309 245 3365 stans,
263 3303 320 3354 sire
344 3318 411 3354 nunc
429 3301 557 3365 subditis,
575 3318 641 3354 nunc
662 3310 806 3355 exterarum
824 3302 954 3354 nationum
973 3303 1067 3369 legatia
1083 3300 1257 3370 respondenst

156 3387 204 3422 nec
225 3369 251 3422 iu
267 3370 310 3423 illo
340 3373 397 3422 loco
416 3370 533 3436 cuiquam
555 3371 697 3424 mortalium
707 3371 786 3424 licere
805 3371 841 3425 illi
856 3381 957 3434 astare,
973 3377 1154 3440 praeterquam
1174 3369 1257 3433 uxori,

155 3439 243 3491 liberis
256 3449 284 3492 et
301 3439 440 3502 fratribua;
458 3439 550 3507 quibua
563 3448 590 3493 et
602 3441 703 3511 patrui,
721 3449 752 3493 ut
763 3441 862 3511 opinor,
880 3440 941 3492 addi
954 3447 1069 3511 possunt.
1103 3439 1199 3490 Verum
1212 3439 1257 3491 illo

155 3508 191 3560 ibi
203 3517 290 3561 stante
308 3516 335 3561 et
350 3525 405 3560 cum
425 3509 517 3577 quibus
531 3525 595 3578 opus
611 3519 670 3563 erut
684 3510 853 3581 colloquente,
868 3527 918 3562 non
931 3511 1005 3562 modu
1020 3507 1101 3562 omnis
1113 3507 1256 3560 nobilitatis

155 3577 331 3630 odolescentia
346 3578 435 3630 eodem
454 3579 610 3632 ascendebat
630 3589 657 3632 et
669 3580 706 3633 illi
719 3582 837 3648 astabat,
855 3581 902 3632 sed
918 3587 946 3632 et
963 3579 1120 3648 plebeiorum
1132 3584 1160 3628 et
1173 3578 1257 3629 famu-

155 3646 236 3698 lorum
254 3647 370 3715 quilibet
413 3646 490 3698 Unde
505 3665 584 3717 saepe
602 3650 679 3701 turbu
692 3651 819 3704 bominum
840 3649 879 3700 ita
893 3649 1056 3718 premebatur
1068 3655 1096 3699 et
1105 3646 1256 3712 urgebatur,

154 3724 185 3768 ut
200 3716 256 3784 ipse
277 3715 427 3768 deflecteret
449 3731 479 3767 ac
493 3713 549 3769 loco
573 3717 693 3783 cederet,
713 3719 823 3789 aliisque
842 3719 974 3786 superiore
992 3717 1103 3769 statione
1122 3731 1254 3782 concessa,

155 3785 277 3853 paulatim
298 3786 330 3836 ad
351 3771 459 3838 iniurius
479 3785 650 3851 pavimentum
662 3788 846 3851 descenderet,
863 3786 956 3840 nemini
971 3785 1081 3838 omnium
1094 3801 1256 3837 succensens.

153 3853 257 3921 (vm.)
275 3851 353 3914 Quod
374 3853 406 3906 ad
421 3852 514 3922 capitis
529 3863 703 3925 tegumentum
717 3859 825 3920 attinet,
844 3857 914 3926 apud
927 3855 1074 3925 superiores
1087 3855 1257 3923 Imperatores

153 3922 230 3974 moris
254 3931 326 3986 erat,
343 3931 374 3976 ut
392 3931 478 3975 aetate
497 3926 674 3993 provectiores
690 3927 768 3980 aulici
784 3942 904 3995 proceres
918 3924 994 3993 pileis
1011 3924 1180 3993 pyramidatis
1198 3931 1256 3975 ute-

153 4000 258 4055 rentur,
277 3991 359 4045 serico
376 3991 469 4054 tectis,
489 4009 535 4062 pro
550 3993 676 4062 dignitate
692 3996 829 4064 cuiusque:
847 3994 959 4046 iuniores
972 4012 1035 4046 vero
1048 4009 1134 4045 omnes
1150 4008 1256 4061 prorsus

153 4061 227 4112 nudis
246 4069 333 4113 essent
353 4061 489 4130 capitibus.
525 4063 571 4116 lllo
589 4081 652 4115 vcro
664 4063 821 4133 Imperatore
833 4063 857 4115 ia
875 4081 929 4115 mos
943 4081 1025 4132 usque
1039 4064 1103 4115 adeo
1117 4060 1254 4124 obsolevit,

154 4139 184 4182 ut
195 4146 281 4182 omnes
296 4129 371 4182 simul
384 4139 412 4182 et
428 4129 604 4184 adolescentes
617 4140 644 4184 et
657 4150 732 4186 serres
748 4134 821 4202 pileis
838 4139 989 4198 uterentur,
1007 4150 1057 4185 non
1074 4131 1156 4184 minus
1167 4129 1193 4182 in
1206 4146 1254 4200 pe-

153 4197 232 4264 letio,
251 4215 326 4270 quem
339 4197 367 4253 in
386 4198 472 4269 agris:
489 4200 575 4272 iisque
589 4201 786 4258 multiformibus
797 4208 825 4256 ct
837 4201 999 4273 peregrinis,
1016 4210 1044 4256 et
1056 4201 1145 4274 quales
1160 4199 1253 4271 cuique
