3017 4742
221 320 267 371 m
448 304 683 378 NlOEPHORl
704 302 944 377 GREGORAE
965 304 1087 375 VITA.

221 488 290 530 eum
311 475 443 529 montem
460 464 662 527 incolentibus
683 465 720 525 ub
735 462 882 525 historico
903 462 1034 541 obiecto,
1057 463 1092 523 iu
1107 462 1214 523 iisdem
1229 462 1316 525 libris

221 554 399 616 observavit
442 551 525 626 Quos
545 560 580 610 ut
599 552 674 611 isles
692 570 754 611 esse
774 558 926 628 argueret,
946 549 1076 610 arbitros
1099 568 1266 609 convocare
1285 558 1318 612 et

222 660 326 699 eorum
342 636 454 699 iudicio
471 656 625 697 censuram
637 635 707 696 libri
718 636 892 715 permittere
906 634 1073 695 constituit.
1115 633 1213 694 Acciti
1224 633 1317 713 igitur

221 724 282 787 viri
299 724 449 799 illustres,
478 732 508 781 et
528 721 644 782 civium
663 720 899 801 Byzantinorum
918 719 1088 780 lectissimi:
1113 719 1166 799 qui
1186 719 1239 778 ubi
1257 717 1317 779 cri-

221 809 350 869 minosas
371 808 439 867 illas
454 806 639 868 narrationes
653 828 709 888 per
721 807 866 867 lectorem
881 806 1021 885 recitatos
1036 802 1234 881 audiverunt,
1255 824 1318 863 une

223 913 326 954 omnes
344 913 420 954 voce
444 893 612 973 Gregorors
631 889 721 953 valde
739 889 911 950 mendacem
928 901 956 949 et
969 888 1173 971 impudentem
1184 900 1212 948 et
1225 890 1318 950 levem

222 1000 284 1037 sose
299 980 557 1058 pronunciarent.
600 977 646 1037 lto
667 977 814 1057 Gregores
829 975 932 1035 absens
948 986 979 1035 et
994 975 1146 1036 inauditus
1159 974 1317 1035 damnatus

222 1072 277 1125 est.
300 1065 340 1123 st
350 1063 412 1139 hic,
427 1064 480 1124 ubi
491 1084 553 1123 rem
562 1062 694 1139 rescivit,
708 1082 794 1141 segre
807 1060 968 1122 admodum
974 1060 1058 1140 tulit,
1073 1071 1103 1121 et
1112 1062 1317 1122 Cantscuzeno

223 1150 371 1209 convento
391 1148 476 1209 hunc
486 1149 673 1230 triumphum
687 1157 724 1206 ut
742 1146 880 1228 iniquum
897 1145 1107 1228 exprobravit:
1129 1147 1319 1224 nequeenim

222 1253 629 1314 quaecunquonomensuum
642 1234 879 1314 prosternentes
891 1232 991 1293 omnin
1004 1231 1158 1312 scripsisse
1172 1252 1218 1292 ses
1240 1252 1319 1311 quoe

171 1366 173 1371 .
208 1330 333 1377 contra
359 1320 482 1379 lbmum
505 1322 622 1398 scripta
642 1320 923 1398 circumferrentur,
945 1339 1003 1377 suo
1016 1338 1093 1392 esse,·
1116 1338 1195 1397 quae
1212 1328 1321 1377 contra

152 1398 154 1403 ’
226 1402 479 1480 Contacurenum,
500 1408 613 1463 nescire
628 1427 660 1464 se
681 1406 771 1463 cuius
775 1405 901 1482 forent:
921 1404 996 1464 celte
1009 1414 1118 1479 arcem,
1140 1404 1195 1461 ubi
1208 1413 1321 1461 nactus

223 1500 314 1567 esset,
337 1512 373 1549 ea
391 1492 578 1571 supprimere
581 1512 593 1566 ,-
616 1511 693 1569 quoe
710 1491 740 1548 si
761 1491 853 1569 prius
871 1491 1048 1569 accepisset,
1071 1509 1163 1567 quam
1179 1488 1223 1547 ad
1235 1489 1321 1547 olio-

223 1595 294 1633 rum
317 1596 407 1634 aures
431 1578 580 1651 venirent,
612 1578 680 1655 igni
699 1573 931 1637 mndoturum.
979 1573 1061 1633 Hsec
1084 1572 1152 1649 illc;
1181 1573 1221 1631 sd
1244 1592 1322 1653 quse

223 1658 445 1720 Ccutscurenus
467 1660 580 1719 ironice
601 1658 776 1741 respondit,
796 1668 831 1720 ut
850 1659 950 1720 ridere
963 1660 1066 1739 potius
1079 1678 1168 1737 quam
1183 1658 1322 1718 refellere

221 1744 385 1806 videretur.
429 1744 522 1825 Atqui
542 1745 705 1823 Gregorns‚
728 1765 796 1804 cum
814 1753 937 1823 negaret
960 1764 1013 1803 sus
1034 1762 1097 1801 esse
1117 1762 1192 1821 quse
1207 1744 1322 1801 Centa-

223 1847 355 1889 cunenus
376 1827 496 1910 publice
512 1830 671 1906 arguisset,
688 1828 771 1886 bend
792 1828 1006 1899 mentiebatur3
1025 1826 1083 1886 nisi
1096 1826 1173 1886 forte
1186 1826 1321 1888 diversos

223 1914 261 1973 ob
274 1914 311 1973 iis
326 1914 378 1993 qui
391 1900 552 1994 supersunt
564 1913 902 1993 HistoriseByznntinss
913 1910 1008 1971 libros
1022 1911 1204 1973 condiderat.
1245 1914 1323 1973 Nem

106 2066 108 2069 ¹
222 1995 256 2057 in
282 1996 330 2057 his
350 2018 424 2077 quos
446 1996 587 2057 babemus
611 1996 703 2079 (suut
723 2006 824 2055 sutem
848 1996 1141 2076 duodequsdrsginto
1163 1996 1321 2078 continui)

224 2082 263 2143 de
281 2081 343 2141 illis
366 2081 516 2142 montenis
536 2082 665 2142 craculis
682 2102 700 2139 u
714 2081 921 2141 Cuntneuzeno
943 2082 1090 2141 consultis
1103 2080 1183 2143 nibil
1198 2085 1322 2143 omnino

222 2166 372 2249 scriptum
394 2166 544 2244 occurrit,
567 2166 604 2225 de
618 2166 729 2225 montis
742 2165 823 2225 Atho
835 2166 989 2226 monachis
1002 2168 1097 2226 mults
1111 2168 1245 2247 quidem3
1268 2168 1323 2229 sed

222 2271 286 2311 nou
303 2251 357 2311 illc
369 2251 446 2332 ipss,
459 2272 534 2332 quse
549 2252 771 2311 Cuntscuzenus
786 2252 865 2331 apud
877 2272 909 2311 se
922 2252 998 2311 lecte
1012 2272 1074 2312 esse
1086 2263 1247 2333 memorat,
1260 2254 1322 2314 im·

221 2354 273 2398 mo
288 2358 338 2414 en,
360 2357 434 2416 quae
445 2346 475 2396 et
485 2346 617 2397 montem
632 2346 662 2397 et
685 2335 849 2401 monachos
861 2336 938 2397 mire
953 2338 1164 2397 commendent
1177 2335 1213 2418 1).

306 2422 385 2483 Hinc
406 2423 479 2483 sdeo
500 2432 638 2504 sppsret,
658 2422 753 2483 libros
775 2422 971 2501 Gregoreesb
987 2421 1160 2483 hominibus
1176 2423 1321 2507 improbis

221 2505 283 2567 ism
296 2514 361 2567 tum
378 2508 469 2567 fuisse
482 2517 641 2588 corruptos
655 2528 691 2566 sc
704 2509 901 2588 deprsvst0s3
922 2508 1052 2589 proinde
1067 2529 1139 2567 vers
1153 2529 1224 2584 esse,
1246 2530 1322 2589 quse

222 2590 275 2651 hic
288 2592 397 2653 ultimo
410 2592 560 2653 Historiae
572 2594 650 2653 libro
665 2593 703 2652 de
720 2592 961 2655 adversariorum
975 2593 1108 2672 nequitis
1120 2603 1150 2653 et
1165 2595 1250 2654 mulis
1269 2616 1322 2654 ur-

223 2677 305 2737 tibus
325 2677 477 2757 queritur,
501 2678 582 2757 quod
599 2678 624 2738 ii
641 2678 738 2737 mults
758 2678 929 2739 clanculum
948 2698 988 2737 ex
1008 2679 1070 2739 suis
1089 2680 1228 2759 operibus
1240 2681 1321 2741 ferro

223 2771 338 2821 resecto
358 2760 557 2841 custudissent,
578 2772 609 2822 et
622 2763 722 2824 litters
735 2784 796 2823 uns
814 2764 862 2823 vel
877 2764 966 2823 etism
983 2764 1121 2845 pluribus
1133 2786 1187 2824 seu
1200 2765 1320 2844 additis,

224 2866 279 2906 seu
293 2847 423 2909 invicem
439 2849 624 2928 permutatis,
645 2868 751 2909 verum
768 2870 802 2908 cc
815 2858 933 2909 rectum
949 2869 1068 2909 sensum
1083 2850 1205 2911 omnino
1219 2851 1324 2913 inver-

223 2930 346 3008 comt,
367 2943 402 2992 ut
416 2937 479 3011 ossi
490 2954 546 3014 pro
563 2925 614 3012 esi,
634 2929 728 2997 κακὸν
744 2954 802 3013 pro
813 2931 924 3011 soldos,
944 2929 1019 2997 met
1031 2954 1088 3015 pro
1101 2935 1186 3017 osopi,
1208 2936 1323 3013 legere·

223 3024 284 3077 tur.
327 3019 530 3093 Qnsmobrem
542 3019 630 3078 etism
644 3019 772 3079 lectores
788 3020 937 3095 admonet,
957 3020 1163 3099 horteturque,
1178 3030 1214 3081 nt
1224 3020 1323 3083 libro-

223 3120 293 3161 rum
322 3123 444 3165 suorum
476 3104 656 3184 exemplaris
684 3106 857 3183 conferent,
887 3125 962 3184 quse
985 3104 1115 3185 plurima
1136 3104 1180 3165 eit
1202 3116 1322 3168 exteret

224 3186 334 3267 quippe
356 3208 404 3263 se,
429 3189 573 3249 eiusmodi
594 3189 714 3250 fraudes
732 3199 993 3271 praemetuentem‚
1014 3210 1135 3271 operam
1149 3190 1273 3272 dedisse,
1288 3202 1324 3253 ut

221 3272 319 3330 mults
331 3271 501 3355 apographa
513 3274 733 3355 discipulorum
746 3295 839 3337 menn
854 3295 944 3357 quem
960 3276 1185 3337 occuratissimc
1198 3296 1254 3337 suo
1271 3278 1323 3339 vel

223 3355 389 3418 amicorum
408 3368 534 3440 sumptu
553 3360 801 3421 describerentur.

307 3442 445 3503 Fortasse
463 3444 570 3523 igitur,
592 3455 628 3504 ut
639 3446 790 3525 plerisque
806 3445 989 3523 unctoribus,
1007 3446 1050 3506 ite
1064 3447 1151 3507 etiem
1165 3446 1322 3528 Nicepho-

221 3546 258 3588 το
274 3526 423 3607 Gregoree
436 3530 579 3609 quaedum
592 3530 666 3590 fslso
679 3530 904 3607 adscribuntur,
926 3531 1031 3612 spuria
1044 3532 1187 3593 videlicet
1203 3542 1234 3593 et
1245 3552 1323 3613 sup-

221 3611 373 3695 posititia:
396 3614 563 3675 cuiusmodi
578 3634 640 3675 esse
654 3616 791 3675 existimo
804 3618 953 3677 somnium
967 3617 1046 3677 illud
1064 3617 1286 3699 propheticum,
1303 3638 1321 3677 s

222 3696 380 3758 Philotheo
401 3698 570 3779 patriarcha
588 3700 770 3782 productum
783 3698 813 3779 θ)
835 3710 866 3761 et
880 3702 1055 3782 explosum:
1077 3703 1159 3783 quod
1180 3703 1323 3784 quonism

223 3782 360 3843 noudum
387 3784 470 3865 typis
496 3786 609 3847 editum
631 3796 691 3864 est,
712 3786 799 3847 iuvat
818 3786 879 3849 hoc
901 3788 969 3847 loco
988 3788 1136 3867 integrum
1160 3808 1321 3870 apponere.

223 3867 368 3947 Gregorrs
377 3868 465 3930 domo
479 3870 614 3931 inclusus
623 3868 651 3954 ⁸)
666 3871 901 3951 Agethongelum
913 3872 1020 3935 furtim
1026 3874 1191 3951 ingressum
1206 3885 1235 3936 st
1246 3894 1322 3934 mox

222 3951 390 4025 obiturum,
412 3954 446 4015 in
462 3957 580 4037 epilogo
596 3956 702 4035 Operis
714 3957 925 4034 Antirrhetici,
946 3960 1028 4038 quod
1042 3958 1217 4020 Philotheus
1233 3960 1323 4021 relu-

223 4038 348 4099 tcndum
366 4041 513 4123 suscepit,
533 4040 581 4101 his
603 4042 773 4123 alloquitur.
814 4037 894 4108 birci
909 4040 944 4107 db
958 4039 1062 4129 aiddu
1079 4048 1199 4109 eusicio
1218 4042 1256 4108 coi
1266 4049 1322 4128 τῆς

258 4238 290 4307 1)
312 4238 379 4293 Vide
394 4240 464 4298 ilict.
481 4242 527 4297 lib.
547 4260 601 4298 mv.
620 4260 676 4316 esp.
695 4246 719 4299 7.
787 4246 820 4315 2)
836 4244 981 4301 snunnet.
1009 4260 1056 4300 xn-
1084 4244 1149 4301 eod.
1166 4264 1223 4318 reg.
1243 4248 1322 4307 1996.

292 4308 340 4365 tol.
356 4311 418 4369 Μ.
487 4314 762 4383 8)A.c.stoccc111.
