3017 4742
355 282 592 358 atcuruonl
612 284 854 357 GREGORAE
872 286 1055 358 ELOGlA.
1157 304 1255 356 uxvu

151 454 180 509 et
195 452 392 507 metaroram
402 443 565 507 dhcrimen
580 444 702 505 evidens
715 442 828 507 ledafi.
868 444 944 507 nam
954 446 989 507 in
1000 447 1111 527 quibua
1122 453 1252 531 particu-

148 530 229 591 latim
243 528 377 610 quisque
390 530 581 612 praecipuam
595 538 625 591 et
639 530 819 609 singularem
832 550 953 613 operam
967 544 1151 615 poeuenant,
1168 537 1202 597 in
1213 538 1252 599 iia

147 617 297 696 quosdam
320 634 529 697 supergressus
550 636 596 693 es,
618 636 687 677 enm
707 616 772 676 aliia
788 616 828 678 de
846 618 945 699 palma
957 619 1153 698 contendisti;
1174 643 1253 683 nua-

146 722 238 781 quam
258 702 338 761 inira
351 700 652 782 primcsaubatitisti:
673 700 783 777 immo,
804 710 841 762 ut
852 701 1020 763 summatim
1035 703 1150 782 dimna,
1172 726 1253 770 nnus

145 786 205 846 has
220 806 326 847 omnes
337 804 372 847 re
386 786 455 867 ipsa
469 785 629 867 superasti,
652 806 686 847 so
701 786 783 867 quod
796 786 904 847 abillis
920 788 1061 868 pleraque
1070 790 1251 872 multiplicis

147 870 307 933 doctrinae
321 890 433 950 genera
451 872 585 951 neglectu
601 879 690 947 sunt;
712 880 748 931 tu
764 891 835 933 vero
847 871 989 934 universa
1007 873 1096 934 simul
1106 896 1249 955 perseru-

146 964 231 1017 tatus
255 976 303 1034 cs,
325 966 357 1017 et
373 976 414 1017 ex
432 957 514 1018 omui
535 954 712 1040 eruditionis
728 966 815 1037 parte
826 958 944 1018 finctus
958 957 1081 1021 eximios
1094 961 1251 1041 produxi-

148 1043 202 1118 sti,
222 1040 376 1122 baboeque
396 1041 434 1101 ab
458 1041 540 1103 omni
560 1040 683 1101 scientia
708 1043 816 1103 famam
832 1053 863 1102 et
875 1062 1002 1119 nomen3
1024 1044 1068 1104 sic
1082 1056 1118 1106 ut
1128 1054 1251 1127 potitam

146 1137 186 1201 te,
210 1136 378 1203 oratorem,
398 1126 572 1209 sophistam,
592 1125 780 1204 historicum,
801 1136 833 1188 et
853 1128 920 1189 aliis
938 1128 1064 1208 singulis
1079 1132 1249 1193 nominibus

146 1212 256 1291 siquis
271 1212 449 1293 compellet,
470 1213 496 1273 is
518 1234 536 1273 a
555 1232 628 1273 vero
645 1212 836 1274 aberraturus
851 1214 978 1274 nonsit.
1021 1205 1082 1274 lain
1095 1216 1131 1275 ab
1145 1216 1250 1297 philo-

145 1296 272 1377 sophia,
295 1298 488 1358 scientiarum
509 1297 734 1376 augustissima,
762 1299 832 1378 quia
850 1318 923 1359 vers
946 1308 992 1358 est
1018 1299 1249 1364 denominatus?

145 1384 257 1443 Nonne
276 1384 322 1461 is,
342 1383 398 1463 qui
416 1383 590 1447 nouaclum
606 1402 639 1443 re
654 1380 702 1464 (ut
715 1383 757 1443 ita
773 1382 885 1466 dicam)
898 1382 1099 1464 philosophus
1108 1396 1169 1461 eat,
1195 1389 1249 1449 sed

146 1468 198 1528 cui
210 1466 271 1528 hoc
288 1488 399 1529 nomen
416 1466 444 1545 ¹)
466 1469 503 1528 ab
519 1468 656 1529 omnibus
668 1489 723 1548 pro
740 1468 797 1527 alia
813 1469 920 1548 quavis
929 1470 1130 1550 appellatione
1143 1472 1250 1533 tribui.

144 1554 220 1613 tnr'l
242 1554 335 1615 hlulti
358 1552 567 1635 philosophiae
589 1553 786 1613 studuerunte
806 1574 886 1613 nnus
906 1563 941 1615 tn
952 1575 1064 1615 nomen
1080 1576 1118 1617 ex
1132 1576 1167 1617 es
1180 1578 1251 1619 aor-

145 1640 223 1699 titua
238 1660 272 1699 es
284 1640 437 1699 nmium.
479 1639 597 1700 Etenim
617 1659 717 1699 rerum
734 1638 933 1716 cognitionem
947 1649 1060 1700 certam
1076 1640 1134 1700 tibi
1145 1643 1251 1720 provi-

151 1724 225 1783 dere
245 1734 279 1783 et
296 1724 404 1783 harum
417 1744 521 1784 caussa
545 1724 677 1804 perfecte
698 1724 858 1803 explorare
874 1742 945 1782 cnm
958 1724 1070 1799 vehes,
1089 1724 1252 1803 physiolo-

155 1808 236 1886 giam
249 1808 368 1887 quidem
377 1810 552 1884 universam,
567 1818 598 1867 et
604 1806 798 1885 theologiam,
812 1815 844 1867 et
855 1807 968 1885 logicas
980 1808 1251 1886 argumentationes

155 1892 325 1971 diligentius
335 1894 551 1974 pervestigasti,
573 1912 662 1972 quam
677 1912 711 1952 ea
725 1911 802 1971 quae
815 1892 961 1951 dicuntur
974 1892 1145 1953 rudimenta
1158 1895 1252 1975 primi

149 1998 315 2059 puerorum
335 1980 482 2042 domoras
526 1980 604 2038 Tum
624 1978 817 2038 scientiarum
835 1977 1047 2057 primariorum
1069 1998 1122 2057 seu
1135 1978 1249 2042 mathe-

145 2072 260 2125 matum
276 2064 378 2125 studio
393 2063 426 2123 id
440 2072 616 2145 assequutus
637 2083 683 2139 es,
705 2071 741 2122 nt
761 2061 834 2123 solis
847 2071 965 2123 motum
977 2072 1007 2123 et
1018 2084 1154 2141 cursum,
1175 2066 1249 2125 reli-

146 2170 278 2229 quorum
301 2149 435 2209 siderum
453 2158 628 2231 potestates,
650 2149 744 2209 totius
764 2146 872 2207 mundi
893 2157 925 2207 et
937 2149 1069 2229 partium
1092 2150 1157 2210 eius
1168 2149 1250 2213 inter

146 2254 178 2295 ee
192 2255 400 2295 conuiuarum
415 2244 609 2309 concentum,
631 2232 873 2313 obpositionem,
893 2234 1136 2313 proportionem,
1154 2238 1249 2315 magis

146 2340 236 2401 quam
250 2320 329 2381 alius
341 2319 500 2402 quiequam
512 2320 702 2398 iutelligeres.
745 2318 829 2392 Quae
840 2328 877 2378 tu
890 2318 1027 2379 docendo
1043 2341 1111 2381 eum
1128 2340 1249 2382 onmes

146 2416 178 2467 st
198 2406 341 2488 plurimis
364 2405 521 2485 discipulis
539 2404 658 2481 uedm,
681 2403 806 2482 singulis
823 2424 885 2483 pro
899 2424 953 2463 suo
965 2414 1057 2485 captu
1070 2406 1248 2487 accipienti-

145 2490 222 2569 bus,
242 2512 307 2551 nou
327 2492 407 2551 aines
422 2489 664 2571 philosophiam„
689 2489 777 2549 cuius
801 2488 847 2548 rei
868 2490 1014 2569 possessio
1040 2489 1156 2551 homini
1170 2493 1249 2572 pul-

146 2576 300 2637 cherrima
312 2587 366 2654 eat,
378 2577 501 2657 penitus
516 2596 555 2635 ex
565 2574 736 2636 hominibus
750 2573 899 2635 sublatam
912 2573 1083 2637 obscurari:
1096 2571 1149 2637 ssd
1161 2576 1249 2638 libais

146 2662 257 2721 maiori
285 2662 496 2742 perspicuitate
516 2660 687 2740 compositis
709 2658 897 2739 qucruudsm
915 2660 1041 2721 obscure
1057 2661 1137 2720 dieta
1151 2663 1249 2720 refor-

146 2746 262 2817 mabis,
280 2746 638 2827 interpretationibusque
657 2754 688 2806 et
706 2745 873 2826 praeceptis
892 2744 1045 2804 auditores
1061 2745 1104 2803 ita
1118 2744 1247 2820 erudies,

145 2842 185 2891 ut
213 2850 278 2891 earn
307 2832 464 2892 scientiam
491 2830 658 2912 posteritati
684 2830 841 2893 florentem
862 2828 1092 2891 transmissurus
1109 2829 1161 2888 sis.
1203 2829 1248 2889 Ae

145 2918 289 2979 nonnulli
303 2918 426 2997 quidem
441 2926 590 2991 oratores,
612 2936 680 2977 curn
693 2917 814 2995 ingenio
827 2916 926 2975 minna
942 2915 1095 2992 valment,
1116 2914 1248 2975 dicendo

144 3002 236 3081 longe
256 3004 482 3083 praestiterunt.
525 3002 586 3062 Alii
606 3011 712 3061 contra
732 3000 921 3079 intelligendi
942 3000 1084 3061 facultate
1099 3000 1249 3079 pollentes

144 3088 218 3149 rudi
237 3097 267 3147 et
291 3088 493 3167 incomposito
516 3105 651 3147 ammone
670 3086 717 3145 usi
732 3095 812 3145 snut.
854 3085 1009 3159 Quosdam
1022 3085 1137 3159 videas,
1158 3086 1248 3145 etiam

145 3172 231 3254 qnod
251 3172 289 3233 sd
311 3172 534 3252 grammaticam
554 3182 648 3231 ortem
664 3171 789 3247 attinet,
810 3168 888 3229 nihil
910 3170 946 3229 ab
965 3168 1026 3229 illia
1041 3168 1172 3246 differre,
1193 3172 1248 3251 qui

144 3258 268 3319 minime
287 3259 376 3339 loqui
403 3258 522 3332 sciunt,
542 3266 579 3317 ut
601 3256 639 3316 iis
660 3255 754 3335 magis
769 3255 910 3335 expediat
931 3256 1035 3332 silere,
1058 3275 1148 3335 quam
1163 3257 1247 3336 turpi

143 3344 333 3422 igncmutiae
358 3343 484 3403 crimine
503 3341 597 3421 argui.
639 3342 686 3401 Tu
706 3339 845 3401 domnina
865 3350 897 3400 et
918 3339 1037 3417 ingenio
1058 3360 1109 3400 eos
1129 3341 1183 3421 qui
1200 3340 1248 3401 his

143 3428 238 3489 rebus
253 3429 479 3490 instructissimi
498 3428 640 3500 fuerunt,
662 3426 802 3487 facundia
814 3421 852 3485 'et
877 3426 1039 3485 verborum
1057 3426 1176 3487 delectu
1197 3446 1248 3487 eos

144 3512 204 3594 qaai
221 3512 253 3571 in
274 3512 331 3573 hac
351 3524 439 3595 parte
457 3514 666 3573 excelluerunt
684 3512 850 3572 annulatus
868 3530 910 3569 ea.
952 3510 1058 3590 Itaque
1076 3519 1160 3571 tuam
1182 3512 1248 3571 elo-

144 3597 304 3679 quentiam
326 3618 364 3657 ex
384 3599 459 3680 ipsis
482 3599 568 3679 quasi
587 3598 683 3657 hortis
701 3596 810 3657 anicia
822 3595 1019 3676 prodeuntem
1031 3596 1065 3655 in
1082 3617 1137 3657 nos
1158 3597 1249 3656 inva-

143 3682 218 3745 dere
232 3682 387 3761 sentimus,
409 3684 526 3763 quoties
542 3684 635 3743 libros
648 3692 718 3741 tuos
733 3682 767 3740 in
786 3702 893 3741 manus
906 3680 1066 3741 sumimus:
1087 3702 1124 3741 ac
1136 3700 1249 3741 senno·

143 3788 219 3829 nmn
246 3777 372 3828 tuorum
401 3767 550 3829 illecebris
573 3768 660 3828 velut
678 3766 824 3827 machinis
843 3766 1022 3847 quibusdam
1043 3767 1123 3846 capti
1143 3782 1246 3824 omnes

143 3864 372 3935 expugnantur,
383 3864 540 3934 propterea
552 3853 634 3933 quod
646 3852 834 3913 efflorescens
847 3872 886 3912 ex
899 3851 937 3911 iis
947 3853 1032 3932 lepos
1045 3860 1076 3910 et
1087 3850 1247 3911 verborum

143 3950 310 4021 apparatus
329 3939 561 4021 speciosissimus
581 3938 746 3999 auditorem
758 3937 905 3997 alliciunt.
946 3936 1051 4016 Neque
1063 3954 1136 3993 varo
1149 3934 1247 3995 multa

142 4034 175 4087 ta
189 4025 321 4085 eruditio
342 4024 518 4107 prohibuit,
540 4044 578 4083 ne
593 4024 740 4085 orationes
755 4022 969 4104 quamoptime
987 4020 1169 4093 elaborares,
1189 4040 1248 4081 nec

143 4130 315 4171 sermonem
338 4122 428 4171 tuum
452 4111 517 4170 ulla
535 4110 601 4170 labe
628 4108 781 4191 corrupit,
809 4108 911 4170 cium
939 4103 1118 4188 expolitioni
1141 4104 1247 4169 obtuit.

181 4291 213 4361 1)
235 4291 373 4362 Gregoras
392 4292 563 4363 Pba'tasepbns
578 4306 628 4364 per
642 4288 843 4346 mmnamaaiau
857 4288 955 4345 dim
