3017 4742
407 322 640 393 NlCEPllORI
660 321 899 396 GREGORAE
919 329 1038 400 VITA.
1205 348 1309 478 ¹¹⁸·

166 492 247 543 susm
258 480 361 543 verbis
379 482 571 543 confirmavit
583 481 622 565 ¹):
636 494 790 546 mortuum
801 485 918 547 funebri
929 486 1064 549 oratione
1075 490 1194 570 publice
1208 493 1263 555 de·
1312 448 1345 544 ²⁵-

162 568 302 645 decim).
345 568 462 627 Scitum
482 578 526 627 est
543 568 604 629 eiua
622 569 659 629 de
675 570 730 630 illo
751 569 875 631 dictum.
915 572 1027 655 Nempe
1040 573 1078 634 ab
1091 576 1264 639 Andronico

164 654 281 715 seniore
298 653 516 731 interrogatus,
546 674 606 733 quo
631 664 721 736 paeto
744 655 938 735 Metochites,
959 679 976 717 a
1003 659 1143 721 tenuibus
1171 663 1265 725 initiis

164 740 321 820 protectus
334 738 417 821 (uam
429 739 623 819 exBryennio
636 751 830 821 praeceptore
841 763 990 824 perpauca
1001 743 1169 823 didicerat),
1182 768 1265 809 aum·

166 844 235 883 mua
261 833 452 882 astronomus
479 824 635 901 evasisset,
664 825 746 885 nibil
769 829 901 904 mnam,
924 827 1021 907 iuquit
1044 829 1204 909 Gregoras,
1229 853 1264 891 es

161 929 267 990 param
286 906 430 987 lampade
447 928 594 988 magnam
606 912 713 987 focem
733 908 869 974 accendi.
913 912 1135 975 Cantacuaenua
1154 916 1264 977 lauda-

133 1026 138 1033 =
166 1004 233 1055 tum
256 994 296 1052 ait
312 993 338 1071 ³)
359 992 398 1053 ab
412 993 593 1073 Imperatore
606 1016 730 1058 acumen
744 997 968 1077 respondentis,
988 1000 1041 1079 qui
1058 997 1186 1080 imagine
1202 1002 1262 1062 ob·

166 1079 217 1143 via
232 1100 267 1139 ac
281 1078 417 1137 familiari
433 1072 569 1139 naturam
583 1079 628 1139 rei
647 1080 685 1140 ob
699 1083 804 1141 oculos
817 1082 975 1162 posuisset.

249 1164 390 1225 Florebat
406 1164 474 1224 aula
494 1165 658 1243 Byzantina
690 1166 798 1227 studiis
823 1168 970 1227 bonarum
994 1169 1118 1247 artium,
1139 1171 1262 1233 savants

124 1274 143 1295 κ
165 1248 241 1309 viria
257 1248 357 1308 doctis
371 1249 543 1310 Andronico
559 1250 752 1329 Imperatore3
776 1252 819 1311 sic
839 1262 874 1311 ut
889 1252 952 1313 eiua
964 1252 1070 1315 domus
1085 1274 1150 1315 non
1168 1257 1260 1317 modo

165 1333 332 1393 honestatis
346 1342 374 1392 et
389 1333 486 1393 omnis
498 1335 618 1395 virtutis
634 1335 771 1414 officina,
792 1338 845 1397 sed
863 1348 893 1397 et
904 1338 1066 1399 litterariae
1084 1339 1260 1401 eruditionis

165 1420 353 1499 gymnasium
373 1426 404 1477 et
424 1419 544 1479 dicendi
563 1421 772 1483 certaminibus
796 1423 947 1501 quoddam
969 1425 1064 1483 veluti
1079 1424 1260 1486 curriculum

165 1514 304 1584 apertum
316 1523 379 1563 esse
391 1503 545 1565 videretur
559 1502 598 1583 4).
641 1506 743 1585 ltaque
757 1527 792 1568 eo
802 1518 936 1589 tempore
949 1508 1097 1570 maximus
1108 1510 1169 1571 fuit
1179 1509 1261 1591 apud

166 1590 298 1649 Graecos
319 1598 489 1668 oratorum,
506 1588 765 1671 pbilosophorum,
786 1594 969 1673 aliorumque
983 1594 1170 1655 eruditorum
1183 1615 1260 1676 pro-

163 1683 283 1735 ventus.
327 1674 471 1752 Gregoras
489 1675 589 1753 magni
606 1674 785 1754 Lugotlretae
814 1672 1028 1739 consuetudine
1053 1680 1179 1739 satiatus
1202 1699 1259 1739 ex-
1337 1716 1342 1727 ·

165 1760 271 1838 pedire
298 1758 353 1817 sibi
371 1758 513 1831 credidit,
540 1760 599 1819 iam
624 1780 717 1833 anuos
737 1782 839 1821 xxvar.
860 1772 949 1837 nato,
971 1783 1060 1822 usum
1082 1764 1121 1822 ad
1144 1763 1262 1824 doctri-

168 1864 240 1903 nam
263 1843 420 1920 adiungere
441 1853 527 1903 etex
546 1844 651 1903 umbra
671 1846 704 1903 in
726 1846 824 1903 lucem
844 1846 968 1925 prodire
982 1845 1020 1925 ⁶).
1063 1846 1262 1919 Quamobrem

169 1928 338 1987 studiorum
366 1947 487 1987 suorum
519 1927 629 1989 fiducia
659 1930 753 1989 fretus
785 1930 823 1989 ad
854 1930 1067 2007 imperatorem
1097 1931 1197 2011 ipsum
1229 1950 1263 1991 aa

166 2014 314 2090 cosmus,
342 2022 378 2073 ut
404 2032 453 2089 ae,
481 2012 507 2071 si
533 2023 633 2093 posset
640 2058 649 2089 ,
676 2012 709 2071 in
735 2013 798 2073 eius
827 2014 1058 2075 familiaritatem
1085 2015 1259 2077 insinuaret.

163 2100 356 2159 Peramanter
376 2106 406 2155 et
427 2098 612 2177 ultraquam
633 2107 805 2177 speraverat
829 2100 957 2177 benigne
978 2110 1120 2180 exceptus
1149 2101 1259 2161 oratio-

162 2204 230 2243 nem
252 2182 336 2262 apud
354 2202 423 2241 eum
442 2180 563 2255 habuit,
586 2184 714 2261 duasque
736 2182 851 2265 inipso
866 2184 1011 2263 virtutes,
1032 2183 1208 2266 sapientiam
1227 2194 1259 2245 et

163 2268 380 2347 eloquentiam,
401 2267 537 2326 laudavit
552 2266 589 2349 ⁶).
641 2268 788 2347 Tempore
805 2270 985 2347 procedente
1013 2270 1056 2329 ita
1081 2269 1260 2332 benevolum

163 2354 291 2414 eundem
311 2362 456 2433 expertus
480 2361 539 2426 est,
575 2361 611 2412 ut
631 2352 724 2431 aliqui
748 2353 977 2431 indignarentur
997 2354 1152 2431 iuvenem,
1172 2354 1258 2414 nulla

163 2440 319 2517 dignitate,
347 2438 432 2497 nullo
447 2436 612 2496 sacerdotio
626 2438 881 2514 commendatum,
892 2448 975 2497 tanta
990 2440 1072 2519 apud
1087 2438 1258 2520 Principem

163 2525 258 2604 gratia
272 2524 383 2583 valere.
417 2521 625 2597 Andronicus,
642 2532 678 2582 ut
692 2544 726 2581 os
739 2524 907 2595 obstrueret
919 2524 1180 2600 obtrectatoribus,
1196 2524 1258 2605 pri.

164 2631 230 2669 mos
253 2608 394 2667 ecclesiae
409 2606 538 2667 honores
552 2608 686 2667 conterre
699 2607 726 2666 ei
737 2607 837 2668 iuveni
852 2609 972 2684 statuit,
994 2617 1024 2667 et
1040 2606 1259 2689 chartophyla-

166 2696 212 2753 eis
228 2694 418 2773 dignitatem,
439 2692 524 2775 velut
538 2691 654 2771 pignus,
676 2694 776 2751 statim
794 2694 921 2755 obtulit:
943 2715 979 2752 ac
993 2693 1052 2752 iarn
1066 2690 1169 2769 eidem,
1186 2703 1258 2753 tan-

166 2799 258 2857 quam
272 2776 454 2837 hauddubie
469 2786 639 2857 aceepturo,
659 2787 757 2837 vestes
772 2786 802 2838 et
814 2777 942 2856 insigina
957 2774 1107 2855 dignitatis
1124 2776 1258 2857 parabat.

166 2866 330 2941 Gregoras,
350 2862 537 2921 immaturam
558 2862 738 2922 aetatem'et
763 2862 932 2923 studiorum
963 2882 1087 2922 suorum
1112 2861 1260 2922 rationem

165 2958 332 3023 caussatus,
354 2947 456 3026 gratiis
477 2941 567 3023 actis,
590 2955 620 3006 et
642 2946 764 3006 laudato
785 2948 983 3028 Imperatore,
1004 2946 1137 3008 oblatum
1160 2945 1261 3007 bono·

165 3052 230 3111 rem
243 3032 425 3112 repudiavit.
466 3031 648 3113 Repudianti
663 3032 709 3091 vis
720 3052 821 3113 ⁸paene
831 3033 914 3091 illata
928 3029 966 3110 7).

250 3120 415 3197 Aliquanto
436 3126 505 3197 post
523 3114 550 3199 ⁸)
572 3126 638 3177 orta
655 3117 735 3177 inter
753 3116 886 3176 eruditos
908 3116 1018 3176 nobilis
1040 3115 1254 3177 controversia.

166 3204 390 3281 unveniebant
404 3204 507 3261 crebro
523 3198 555 3260 in
566 3201 709 3283 palatium
722 3200 783 3261 viri
799 3201 944 3282 sapientes
959 3211 988 3261 et
1003 3200 1095 3280 docti,
1116 3210 1204 3279 atque
1217 3201 1259 3260 il-

164 3292 207 3351 lic
225 3290 362 3349 certatim
385 3286 529 3347 derebus
552 3287 732 3364 quibuslibet
757 3287 834 3347 scitu
854 3286 951 3366 dignis
969 3306 1071 3347 coram
1086 3285 1261 3345 Andronico

165 3376 281 3435 seniore
299 3370 499 3452 disputabant.
544 3372 616 3429 Cum
635 3372 729 3451 igitur
745 3368 914 3451 frequented
937 3372 979 3429 ibi
993 3370 1152 3450 aliquando
1171 3370 1260 3431 ades-

166 3458 283 3540 aentt),
300 3457 509 3533 Andronicus,
532 3466 566 3515 ut
580 3452 748 3537 Nicephoro
762 3458 924 3535 Gregorae,
946 3474 1035 3534 quem
1050 3455 1136 3515 valde
1151 3452 1259 3535 dilige-

165 3545 218 3604 bat
225 3542 278 3626 ¹⁰),
288 3542 408 3604 dicendi
423 3541 609 3601 occasionem
622 3542 785 3623 praeberet,
803 3542 985 3601 mentionem
997 3539 1101 3600 iniecit
1116 3539 1258 3600 deastro-

166 3629 276 3690 nomia,
325 3628 404 3687 Tum
432 3628 592 3705 Gregoraa,
621 3626 673 3707 qui
696 3624 733 3687 de
756 3626 899 3687 Paschate
921 3625 959 3685 ad
978 3622 1190 3707 Imperatorem
1212 3643 1260 3683 re·

167 3716 248 3774 ferre
269 3712 407 3795 cupiebat
434 3711 629 3793 iampridem,
657 3712 868 3773 astronomiam
892 3712 989 3791 ipsam
1009 3714 1141 3791 primum
1161 3707 1261 3786 coepit

166 3798 307 3859 laudare:
326 3796 433 3859 deinde
448 3818 533 3859 usum
550 3797 612 3857 eius
627 3798 714 3859 etiam
728 3799 767 3859 ad
777 3796 929 3857 Paschatia
943 3796 1155 3859 correctionem
1167 3791 1260 3873 peni-

202 3984 235 4053 1)
253 3982 310 4039 Lib.
327 3998 384 4037 ιιιι.
401 3999 425 4035 c.
438 3981 465 4041 5,.
533 3978 566 4051 2)
583 3979 641 4037 Lib.
655 3997 682 4035 xa
701 3998 724 4037 a.
737 3980 764 4038 2.
791 4050 799 4065 ι
822 3982 856 4053 8)
872 3982 978 4036 Castae.
994 3980 1065 4036 nne
1081 3976 1126 4031 lib.
1141 3992 1161 4061 ι.
1179 3993 1203 4033 c.
1217 3980 1260 4035 11.

234 4050 268 4121 4)
285 4052 344 4107 nib.
362 4066 470 4135 rma.
488 4048 514 4103 8.
593 4052 626 4119 6)
649 4052 721 4105 Anno
738 4051 990 4135 (lanatipocoxrn.
1065 4049 1097 4116 6)
1118 4047 1176 4101 lab.
1200 4062 1261 4129 am.

234 4122 395 4245 sime.
482 4120 1112 4273 *as-suescentes
1123 4116 1260 4305 sap

236 4266 325 4384 m
336 4258 760 4403 diliciidlilplvoelssllll'ffli
794 4257 877 4315 Euat
893 4258 943 4313 bae
957 4257 990 4313 da
1008 4272 1037 4312 re
1053 4274 1083 4313 m
1101 4256 1190 4311 codice
1231 4269 1261 4305 a-
