3017 4742
257 311 354 362 urm
464 296 700 368 nicaenum
721 294 962 366 Geueouee
983 295 1161 366 ELOGIA.
1304 223 1321 271 ⁸

256 469 375 536 autem,
394 455 449 519 ubi
474 455 687 538 philosophum
701 452 728 536 ¹)
749 455 889 518 ouillum
904 456 989 516 cuius
1011 455 1187 538 iampridem
1207 453 1355 516 desiderio

258 545 377 606 meisset
393 543 562 620 migmviese
578 541 742 622 comperit,
766 562 834 603 oum
850 551 880 600 et
894 541 957 622 ipse
972 539 1002 617 2)
1024 541 1115 602 καίτοι
1137 551 1259 600 tuorum
1283 561 1357 620 ope-

257 651 329 692 rum
342 629 489 689 fervidum
503 648 551 687 me
568 636 746 702 amatorem,
769 648 805 686 ac
818 648 859 704 se,
880 627 904 685 si
918 627 1030 687 librum
1046 627 1175 704 afferret,
1196 625 1357 684 maximam

258 738 277 776 a
290 735 337 776 me
355 713 480 794 gretiam
502 712 663 788 initurum,
684 713 769 772 illum
789 711 889 791 ipsum
905 711 1016 772 librum
1032 713 1155 774 allatum
1172 708 1246 770 mihi
1261 709 1359 770 tradi-
1432 705 1434 710 ’

223 858 228 869 ,
259 799 321 876 dit,
348 808 378 858 et
400 797 501 859 verbis
525 817 668 880 perquam
692 795 867 871 honorificis
890 797 1076 876 alloquutus,
1105 796 1209 878 accipe
1229 789 1357 878 ¹(inquit)

259 905 335 964 quaa
358 882 476 943 amabas
493 882 655 944 orationes.
697 885 755 943 Pro
778 902 837 962 quo
860 901 983 942 munere
993 881 1102 960 gratias
1116 881 1141 942 ei
1160 881 1359 964 persolvimus

224 1029 228 1040 ,
257 989 315 1030 nec
328 989 452 1049 parvas,
472 987 529 1026 nec
546 987 675 1048 quarum
692 967 780 1027 illum
801 965 977 1048 poeniteret.
1017 969 1065 1028 Ex
1091 968 1144 1028 illo
1168 965 1265 1027 nostri
1283 965 1360 1026 inte

258 1054 369 1114 amoris
379 1053 427 1112 vis
438 1072 543 1130 magua
559 1052 675 1126 extitit,
698 1073 716 1112 o
740 1057 847 1132 ingene
856 1052 962 1134 gloria
971 1053 1134 1114 Αοίιίνάτπ.
1177 1052 1360 1111 Graecorum

260 1138 372 1220 quippe
385 1147 421 1197 tu
432 1135 545 1217 gloria3
563 1137 623 1196 nisi
642 1136 743 1216 potius
762 1158 865 1198 eorum
879 1137 980 1218 pudor
1000 1158 1030 1198 ea
1046 1147 1076 1198 et
1092 1137 1196 1212 dolor,
1219 1158 1254 1198 eo
1279 1135 1360 1217 quod

257 1224 327 1286 illos
341 1222 546 1304 superaveris,
567 1221 620 1302 qui
637 1222 872 1302 ineloquentiae
891 1223 991 1283 studio
1007 1233 1132 1283 aetatem
1152 1241 1270 1282 omnem
1288 1241 1361 1280 cou-

258 1311 418 1370 triverunt.
460 1307 522 1368 Nos
543 1318 623 1366 certe
644 1306 668 1367 ii
692 1307 815 1369 minime
837 1329 939 1368 sumus
961 1307 1082 1390 [quibus
1104 1307 1249 1390 pudorem
1270 1305 1361 1366 simul

260 1392 453 1472 doloremque
467 1412 501 1452 ea
515 1412 548 1453 re
560 1389 689 1474 afferas}
728 1393 824 1453 Immo
835 1415 908 1454 vero
919 1393 1112 1472 gratulamur,
1126 1413 1161 1452 ac
1173 1387 1362 1474 triumphum

261 1477 299 1538 de
320 1477 459 1540 omnibus
477 1476 684 1537 lubentissime
697 1478 752 1538 uni
769 1479 826 1538 tibi
840 1478 1036 1541 decernimus.
1077 1479 1118 1539 At
1132 1477 1158 1537 ei
1172 1477 1206 1536 id
1218 1487 1282 1537 tute
1297 1477 1363 1558 ipae

260 1582 386 1642 aequum
395 1562 586 1640 indicaveris,
594 1562 740 1624 iudicabis
747 1575 854 1640 eutem,
869 1574 1013 1644 mopere,
1029 1584 1156 1644 aequum
1171 1582 1244 1640 esse,
1257 1582 1296 1620 ue
1309 1561 1363 1641 qui

260 1647 459 1720 eictuaamet,
472 1647 558 1706 solua
566 1646 694 1727 degente
700 1649 835 1729 Pelasga
844 1648 1016 1712 Indonotue
1024 1645 1244 1726 eutlitterieque
1254 1657 1362 1722 careat,

261 1752 337 1812 quoe
346 1778 355 1808 ,
376 1753 439 1793 nou
452 1733 549 1794 solum
564 1733 603 1793 ad
612 1733 686 1793 alios
701 1733 756 1792 scd
773 1733 811 1794 ad
829 1755 897 1796 eum
913 1735 1002 1794 etiam
1017 1735 1162 1814 scriptae,
1183 1731 1240 1814 ipsi
1255 1729 1363 1792 sintin

262 1814 406 1895 deliciis),
429 1817 468 1875 ad
483 1837 538 1876 nos
552 1838 670 1896 quoque
687 1818 903 1898 scriptumne,
926 1828 962 1878 ut
976 1839 1014 1878 ne
1026 1821 1138 1880 frustra
1153 1837 1252 1878 amare
1263 1817 1363 1878 videa-

261 1921 340 1961 mur.
383 1901 511 1973 Quodsi
527 1921 597 1980 ego,
616 1903 688 1962 li'cet
700 1924 822 1964 aureum
837 1913 929 1982 caput
942 1913 1026 1966 tuum
1039 1905 1172 1964 nondum
1186 1903 1362 1984 aspexerim,

260 2006 319 2049 neo
343 1985 466 2044 aliunde
486 1984 543 2045 sim
562 1986 651 2046 valde
672 1997 781 2064 notus,
802 1987 999 2049 nihilomiuus
1021 1999 1121 2048 tamen
1140 1987 1179 2048 ad
1204 1996 1234 2046 te
1253 1987 1362 2065 scribo,
1421 2038 1425 2047 .

261 2068 297 2128 id
313 2079 348 2129 tu
361 2089 399 2127 ne
411 2067 553 2128 audaciae
566 2069 619 2130 sed
632 2071 740 2130 amoris
754 2093 817 2132 esee
832 2073 930 2136 ducas.
974 2074 1128 2134 Caeterum
1142 2074 1282 2154 quoniam
1297 2065 1365 2134 nni'-

262 2175 329 2217 mus
346 2153 467 2234 corpori
479 2163 627 2234 praestat,
647 2155 770 2216 meliore
786 2155 893 2238 utique
906 2158 1003 2218 nostri
1018 2169 1104 2240 perte
1122 2170 1223 2222 tecum
1242 2177 1362 2237 eumus3

263 2237 410 2320 siquidem
418 2238 518 2302 foetus
530 2240 639 2300 mantis
653 2239 742 2302 estid
759 2241 840 2321 quod
854 2241 1009 2305 scribitur.

568 2389 625 2455 Vl.
647 2391 843 2459 Philoclem
863 2393 984 2460 iterum
1009 2393 1046 2476 ³).

346 2507 384 2572 ‘0
399 2512 553 2593 Γρηγορῦς
568 2508 746 2592 Νικηφόρος
765 2513 818 2578 καί
837 2510 931 2578 πάλαι
947 2511 1002 2593 μὲν
1018 2505 1060 2596 ἦν
1073 2515 1288 2597 προσκείμενος
1297 2521 1366 2590 ταῖς

263 2596 320 2657 τοῦ
346 2591 491 2674 Βαρλαάμ
508 2595 561 2659 καλ
581 2590 763 2662 Ἀκινδῦνου
782 2605 889 2675 κακαῖς
910 2595 1018 2675 δόξαις.
1054 2597 1104 2664 διδ
1124 2601 1176 2665 καλ
1193 2593 1366 2682 ἐπηρεάζων

263 2670 307 2757 ἦν
326 2682 365 2763 τῇ
383 2673 541 2762 σ’ρθοδόξφ
564 2686 622 2744 τοῦ
634 2687 714 2747 θεοῦ
730 2682 872 2770 ἐκκλησίᾳ
881 2729 890 2761 ,
913 2686 941 2748 εί
954 2683 1008 2748 καλ
1020 2680 1123 2767 λάθρα
1138 2684 1211 2759 τίσις
1221 2685 1273 2750 καλ
1289 2682 1367 2768 πρός

267 2759 384 2844 ὀλίγους
405 2764 499 2828 ἐποίει
521 2770 626 2843 τοῦτο,
645 2764 717 2841 τοῦς
728 2764 909 2852 προσιόντας
923 2765 1020 2856 calepi·
1041 2769 1094 2835 καί
1108 2767 1184 2852 πρός
1194 2775 1249 2834 τοῦ
1264 2765 1368 2852 όρθοῦ

265 2843 359 2929 λόγου
376 2845 544 2930 προστάτας
559 2855 659 2925 κακοῖς
673 2847 757 2917 πάνυ
774 2852 907 2919 διέκειτο.
928 2861 984 2936 τῆς
1007 2853 1040 2919 δὲ
1062 2857 1229 2930 τελευταίας
1242 2876 1367 2937 συγκρο-

265 2934 411 3013 τηθείσης
430 2933 546 3015 ἐκείνης
564 2932 710 3016 συνόδου,
730 2931 770 3018 ἧς
790 2934 983 3019 προεκάθητο
1007 2937 1067 3016 δ’,τε
1089 2935 1295 3022 εὐσεβέστατος
1313 2939 1367 3004 καί

267 3013 458 3100 φιλόχριστος
480 3017 621 3102 βασιλεῦς
641 3027 737 3106 κῦρος
757 3019 895 3104 Ἰωάννης
913 3023 932 3088 ό
947 3023 1198 3106 Καντακουζηνδς
1214 3025 1266 3089 καλ
1280 3023 1297 3088 ό
1309 3050 1368 3088 πα·

266 3097 408 3183 τριόρχης
431 3103 544 3181 ἐκεῖνος
566 3111 661 3186 κῦρος
690 3102 869 3185 Κάλλιστος,
894 3107 960 3173 ἐπεί
977 3109 1029 3172 καλ
1049 3113 1220 3193 Γρηγοράς,
1242 3111 1286 3185 είς
1309 3107 1368 3192 τήν

268 3183 353 3261 ίεράν
377 3187 496 3292 ἐκείνην
519 3187 651 3255 σάνοδον
663 3190 845 3276 παριλθοίν,
867 3193 1030 3276 ἐξηλέγχθη
1046 3191 1102 3258 σῦν
1117 3203 1181 3271 τοῖς
1196 3189 1368 3298 δμόφροσιν

268 3267 367 3334 αῦτοῦ
388 3296 424 3334 τα
439 3270 584 3356 Βαρλαάμ
600 3301 632 3341 τε
653 3277 707 3340 καλ
727 3272 907 3342 Ἀκινδάνου
919 3284 1037 3358 νοσοῦν,
1060 3281 1103 3354 είς
1120 3303 1151 3344 τε
1164 3276 1221 3360 τήν
1238 3287 1369 3360 θεοτητα

268 3359 325 3419 τοῦ
344 3365 530 3440 μονογενοῦς
541 3362 615 3424 υίοῦ
625 3367 682 3425 τοῦ
697 3367 777 3426 θεοῦ
790 3363 840 3425 καί
855 3361 911 3443 την
926 3361 1059 3445 φυσικὴν
1074 3370 1129 3445 τῆς
1145 3361 1266 3448 τριάδος
1285 3365 1374 3448 kalp-¹

268 3441 423 3546 γειαν,καλ
444 3439 533 3527 χάριν
556 3445 608 3509 καλ
629 3447 777 3529 ἔλλαμψιν
789 3445 915 3512 κάκιστα
928 3453 1131 3530 βλασφημῶν,
1151 3449 1202 3512 καί
1218 3445 1257 3514 σά
1272 3446 1370 3532 μόνον

266 3531 330 3600 τοῖς
348 3529 483 3609 αρχαίοις
494 3529 654 3610 οίρετιιιοῖς
669 3529 772 3612 σχεδόν
786 3537 876 3611 πᾶσι,
901 3529 976 3598 α’λλά
988 3532 1025 3615 δη
1039 3535 1091 3598 καί
1105 3541 1170 3609 ταῖς
1184 3533 1369 3616 Ἑλληνικαῖς

268 3608 564 3695 συμπεριφερόμενος
584 3611 714 3691 πλάναις
730 3617 787 3680 καί
807 3613 923 3694 δόξαις·
953 3615 998 3682 δι’
1021 3615 1042 3682 ά
1063 3614 1101 3700 δή
1124 3641 1187 3683 που
1210 3617 1293 3700 παρά
1313 3625 1369 3702 τῆς

270 3695 352 3777 ίερᾶς
367 3695 484 3780 ἐκείνης
499 3694 630 3764 συνόδου
648 3695 738 3777 αάτός
749 3727 781 3766 τε
795 3702 848 3766 καλ
864 3705 897 3767 σί
907 3699 1071 3783 ὁμόφρονες
1085 3699 1180 3768 αάτοῦ
1187 3749 1196 3780 ,
1220 3703 1262 3786 μη
1274 3729 1369 3786 μετα-

269 3780 464 3864 μεληθέντες,
483 3789 541 3848 τοῦ
561 3781 760 3869 πληροίματος
784 3793 848 3852 cois
865 3783 1048 3870 ’ὄρθοδόξιον
1072 3793 1172 3865 καλοῖς
1193 3783 1369 3872 α’πετμήθη-

270 3886 328 3930 σαν
339 3865 391 3968 καλ
404 3873 447 3954 τῷ
457 3862 630 3950 dunelmo
637 3867 854 3953 παρεδόθησαν
869 3870 945 3938 κατά
956 3871 993 3936 τά
1012 3871 1141 3956 πατρικά
1155 3873 1207 3938 καλ
1223 3872 1369 3940 συνοδικά

269 3959 389 4032 θεσμα·
412 3949 572 4035 καλτόριου
591 3952 762 4039 προβάντος
776 3954 813 4023 τό
829 3963 993 4040 τηνικαῦτα
1008 3963 1187 4037 συνοδιιιοῦ,
1209 3957 1247 4022 δν
1262 3958 1300 4040 δὴ
1317 3961 1370 4024 καὶ

182 4082 193 4094 .
270 4034 413 4120 βασιλεῦς
430 4038 483 4106 καλ
503 4035 689 4129 πατριάρχης
711 4042 826 4122 ἐκεῖνος
846 4044 900 4107 καί
914 4043 939 4127 η’
953 4048 1015 4108 τοῖν
1027 4039 1195 4128 ίερωτάτων
1208 4040 1370 4128 α’ρχιερὲαν

306 4221 338 4290 1)
360 4220 504 4293 Iosephum.
570 4225 603 4293 θ)
625 4224 686 4280 Non
699 4226 782 4284 σδοιιι
798 4168 898 4286 siilioet
911 4244 988 4301 quen
1000 4229 1152 4294 Baliarium
1167 4226 1201 4284 ele
1213 4241 1264 4299 quo
1280 4243 1369 4299 supra.

339 4290 371 4359 e)
388 4291 453 4349 (lod.
465 4295 532 4366 reg.
551 4295 627 4356 1996·
643 4297 690 4352 tol.
707 4298 733 4356 l.
