3017 4742
261 272 334 352 112
550 278 783 350 NICEPHORI
808 279 1046 353 GREGORAE

139 458 168 509 Δ.
185 455 219 508 u.
258 447 343 514 διῒῶν
364 444 428 513 ἀνω
449 444 501 512 καὶ
521 440 605 512 κάτω
629 443 733 510 ἐδεδίει
751 448 820 532 περλ
834 450 898 510 τῶν
918 440 1007 510 ὅλων.
1060 445 1105 534 (Γ
1103 443 1126 531 λ
1148 441 1185 512 Ὁ
1207 443 1264 527 μέν
1283 435 1341 511 ούν

144 524 213 646 ⁶338
259 547 512 636 σεβαστοιιράτωρ
526 545 667 632 Ἰωάννης
688 549 720 612 έν
736 546 894 623 τοσούτοις
913 525 1036 634 ύπῆρχει
1048 547 1200 634 θορύβοις
1214 550 1265 612 καὶ
1281 545 1342 634 φά-

144 664 212 717 6791
257 659 335 737 βσις.
378 650 459 736 τάχα
481 655 500 716 δ
506 650 516 676 ’
542 648 581 716 ἀν
602 653 653 715 καὶ
676 649 772 737 πέρας
791 648 959 733 ἐλάμβανεν
981 649 1064 738 αύτῷ
1088 650 1124 715 τδ
1149 653 1202 736 ζῇν
1219 651 1250 716 έν
1268 646 1343 716 τού-

92 731 242 865 }‚ffieffi‘
259 782 303 844 τῳ
324 761 370 844 τῷ
386 752 489 844 χρόνῳ
495 803 507 837 ,
534 757 586 818 καὶ
606 750 628 837 ἦ
651 749 706 817 ἀπ’
730 753 825 819 αὐτὸν
847 753 975 838 έπαρχία
994 748 1064 818 τότ’
1086 751 1124 818 ἂν
1141 749 1203 818 ἀπὸ
1223 758 1347 835 βασιλεῖ

171 899 175 906 -
224 861 399 946 ῡίγῶνετο,
433 855 524 941 εἰμὴ
545 854 662 941 μεγάλη
687 881 734 934 τις
755 856 866 935 ἀταξία
882 880 914 920 τε
935 858 986 920 καὶ
1006 845 1193 940 πλημμέλεια
1209 862 1271 922 τῶν
1284 859 1366 920 σιν-6

251 961 500 1049 στρατευομένων
533 969 597 1035 τοῖς
625 955 781 1044 ἡμετέροις
808 960 976 1044 ἀλλογενῶν
1008 956 1119 1046 έσφηλε
1148 957 1227 1045 παρ’
1258 960 1345 1024 ἐλπί-

251 1068 296 1131 δα
326 1066 378 1129 καὶ
399 1066 468 1128 λίαν
494 1063 627 1150 αἰσχρῶς
650 1059 692 1126 τά
713 1059 870 1146 Ῥωμαίων
893 1061 1039 1146 ἀνέτρεψε
1067 1056 1244 1148 πράγματα.
1278 1064 1343 1126 εἶσ-

225 1164 418 1252 Εβαλόντων
441 1165 501 1250 γάρ
524 1171 586 1230 τῶν
612 1162 768 1247 Ῥωμαίων
792 1167 824 1241 ές
844 1163 901 1248 τὴν
922 1166 1034 1230 ἐκείνου
1060 1167 1111 1228 καλ
1133 1163 1265 1248 μηδενὸς
1285 1161 1343 1228 ἀν-

253 1270 442 1354 θισταμένοα
465 1267 578 1358 ῥᾳδίως
598 1264 846 1351 ύποποιονμένων
862 1265 1001 1345 ἅπαντα,
1029 1266 1117 1332 οάδὲν
1136 1263 1217 1351 ύγιές
1234 1265 1264 1330 οἳ
1285 1286 1343 1330 σν-

251 1368 486 1459 στρατιοόμενοι
502 1367 644 1453 Κδμσνοι
660 1369 828 1457 ἔπραττον,
855 1369 934 1435 ἀλλὰ
949 1366 1067 1446 πάντας
1085 1369 1159 1445 νεῶς
1174 1372 1225 1434 καὶ
1243 1367 1340 1453 ‹insn-
1351 1375 1384 1430 1⁰

206 1463 217 1484 ⁸
252 1473 344 1561 τήρια
364 1472 465 1539 πάντα
486 1471 601 1538 ε’σύλων
625 1475 677 1538 καὶ
698 1474 796 1550 ἀδεῶς
811 1473 1035 1558 ἐνεπίμπρασαν
1061 1475 1112 1538 καλ
1127 1471 1240 1555 σεμνάς
1260 1497 1343 1559 παρ-

253 1579 367 1653 θένους
392 1576 649 1662 η’νδραποδίζοντο
675 1580 725 1641 καλ
759 1573 800 1652 ῶς
832 1575 961 1662 ἀνιέροις
985 1575 1115 1660 ἐχρῶντο
1144 1584 1209 1650 τοῖς
1237 1574 1340 1660 ἱεροῖς,

254 1691 320 1755 τοῖς
333 1704 366 1744 τε
382 1678 485 1753 ἀλλοις
508 1681 561 1744 καλ
580 1674 657 1764 πρός
679 1703 712 1765 γε
727 1678 770 1744 ἴτε
786 1677 853 1743 ἀντὶ
870 1679 1024 1764 τραπεζῶν
1040 1688 1107 1752 ταῖς
1128 1677 1222 1762 ἱεραῖς
1235 1673 1339 1743 εἰκόσι.

254 1784 306 1848 καὶ
327 1783 361 1847 τί
380 1784 429 1846 δεῖ
445 1781 486 1844 τά
509 1779 609 1846 πολλὰ
631 1778 744 1865 λέγεινς
778 1777 873 1846 πάντ’
899 1779 996 1864 ἔδρων
1018 1779 1132 1860 ἀδεῶς,
1162 1777 1221 1845 ὅσα
1240 1779 1341 1864 χρεῶν

255 1883 394 1968 ἀσεβέσιν
416 1881 556 1968 ἀνδράσι.
593 1880 644 1948 διά
664 1907 712 1948 τοι
732 1889 824 1948 τοῦτο
847 1884 899 1948 ιιαλ
920 1881 956 1946 ού
978 1887 1077 1958 καλῶς
1092 1881 1164 1947 ούδ’
1185 1879 1383 1967 ὅμολίγωςλὸ

224 1990 323 2062 Fran
336 1986 445 2070 ἀρχαῖς
459 1983 496 2048 τὸ
513 1984 599 2060 τέλος
617 1980 772 2068 ἀπήλλαξε
789 1991 844 2050 τοῦ
858 1984 1001 2067 πολέμου.
1035 1982 1163 2068 δηλώσει
1178 1986 1213 2050 δὲ
1226 1983 1341 2070 προΐάν

88 2099 116 2150 Δ,
131 2101 161 2152 c.
178 2085 270 2153 mli
288 2085 388 2170 λύγος.
439 2084 510 2173 (Δ.)
535 2088 615 2152 Ἐπεὶ
635 2087 694 2174 γάρ
709 2079 781 2171 ἧκεν
803 2085 885 2172 ἀγων
907 2087 964 2171 τὴν
984 2088 1130 2172 στρατιὰν
1147 2083 1341 2172 δΔεσπύτης

248 2186 408 2272 Ἰωάννης,
435 2188 475 2253 τά
497 2187 554 2269 μὲν
575 2195 637 2254 τῶν
650 2191 812 2274 πολιχνίων
827 2188 936 2254 αύτίκα
951 2185 1139 2256 ἀπέκοπτον·
1164 2189 1206 2255 τά
1222 2190 1256 2255 δὲ
1271 2200 1341 2266 ταῖς

249 2299 312 2360 τῶν
342 2289 445 2357 τύπων
482 2287 646 2378 δχαράτησι
679 2290 860 2380 δαῤῥοῦντα
893 2291 1080 2358 ἀνθίσταντο
1116 2291 1204 2378 μέχρι
1235 2288 1338 2369 τινύς·

250 2393 351 2460 δ’πειτα
367 2395 418 2458 καὶ
431 2397 530 2458 ταῦτα
542 2389 730 2477 ἀπέκνπτον,
759 2393 892 2478 ἀντέχειν
906 2397 948 2470 είς
962 2393 1050 2472 τέλος
1062 2391 1171 2478 ἣκιστα
1185 2391 1384 2478 δυνάμεναὶο

248 2497 328 2584 πρὸς
347 2494 402 2571 τάς
422 2496 526 2577 βιαίας
547 2503 610 2563 τῶν
630 2503 799 2580 πολεμικῶν
824 2493 1053 2581 μηχανημάτων
1072 2495 1229 2585 ἐπιφοράς.
1263 2495 1281 2564 δ’
1304 2523 1340 2583 χε

150 2615 183 2671 Ρ.
198 2614 232 2672 68
248 2595 585 2688 μὴνΣεβαστοκράτωρ
606 2599 757 2684 ἀπογνούς
778 2597 974 2683 πανταχόθεν
999 2603 1041 2677 εἰς
1064 2597 1258 2688 ὀχυρώτατον
1279 2625 1340 2665 τια-

247 2697 390 2790 ταφεύγει
411 2697 560 2788 φρούριον
578 2702 616 2768 νδ
636 2709 699 2769 τῶν
719 2702 810 2768 Νέων
827 2705 965 2790 Πατρῶν
987 2703 1223 2786 έπικεκλημένον,
1257 2701 1341 2769 {bun

248 2806 288 2890 δὴ
304 2807 355 2870 καὶ
373 2809 533 2870 muman
547 2803 641 2871 αάτδν
662 2805 692 2872 ni
707 2806 845 2888 πολέμιοι
869 2808 920 2870 καὶ
937 2802 1048 2888 συχνόν
1064 2831 1132 2870 τινα
1141 2802 1257 2892 χρόνον
1277 2830 1338 2870 πσ-

247 2913 402 2994 λιορκοῦσι
424 2905 670 2993 περικαθήμενοι.
703 2904 741 2974 τδ
759 2908 863 2990 μέντοι
885 2905 1032 2994 φρούριον
1051 2909 1143 2974 έκεῖνο
1161 2914 1223 2974 τῶν
1243 2907 1382 2973 Νέωνὶί
1490 2965 1491 2984 ,

247 3052 305 3090 mss
317 3051 400 3089 rerum
413 3037 549 3089 metuebat
572 3035 649 3104 (ΠΙ.)
666 3034 866 3104 Igiturinsnnes
872 3037 1068 3089 Sebsstnerstnr
1081 3036 1108 3090 in
1120 3039 1193 3089 tento
1205 3039 1340 3104 sugerent

247 3113 318 3159 astu
335 3105 497 3158 verssbstnr.
526 3105 565 3158 Ασ
581 3106 734 3161 inrtsmen
752 3113 867 3174 uespere
884 3106 973 3158 vivere
988 3104 1123 3169 desiisset,
1138 3105 1176 3157 illi
1226 3123 1257 3158 ue
1270 3105 1338 3157 ditis

225 3223 231 3233 ,
247 3173 282 3226 sb
294 3174 331 3225 Im
349 3181 452 3225 emtore
465 3190 527 3227 nucu
546 3182 591 3226 sts
603 3182 684 3238 esset,
702 3173 754 3228 nisi
771 3181 914 3228 exterum
924 3174 1117 3228 commilitonum
1135 3173 1209 3226 immo
1228 3174 1295 3226 estis
1307 3179 1339 3226 et

127 3264 130 3272 ·
246 3192 439 3295 ninisiieenus
449 3258 502 3294 rem
556 3258 653 3295 munem
665 3248 770 3323 praeter
785 3259 854 3326 spem
866 3242 1060 3307 labefactum,
1079 3235 1110 3296 et
1118 3241 1263 3296 foedissime
1276 3259 1340 3311 per·

247 3310 378 3363 vertisset
411 3310 479 3362 Nem
496 3327 554 3363 σοι
570 3310 678 3363 Romam
692 3310 879 3380 impressionem
897 3312 924 3364 in
937 3311 1005 3364 iliius
1023 3311 1086 3364 fines
1100 3311 1236 3374 fecissent,
1253 3317 1281 3362 et
1293 3328 1339 3363 re-

246 3377 355 3430 sistente
373 3377 473 3432 nemine
490 3379 572 3432 omnis
587 3380 664 3447 {neiis
684 3381 849 3448 subigerent,
868 3381 973 3434 Comani
992 3397 1048 3434 eum
1064 3379 1097 3432 iis
1113 3379 1251 3434 militantes
1272 3379 1339 3432 nihii

245 3446 476 3514 fragitanum,
493 3447 539 3500 sed
554 3448 639 3500 omnis
654 3449 733 3513 tens,
749 3449 832 3502 omnin
849 3449 1002 3503 monasteris
1016 3449 1175 3518 spoliabunt,
1192 3457 1219 3501 st
1233 3449 1339 3518 impune

244 3516 405 3578 sumebant,
423 3522 451 3568 et
462 3516 621 3569 vsnernbites
633 3517 747 3587 virginee
762 3517 879 3586 cnptivns
895 3519 1070 3581 abducebant,
1088 3535 1120 3569 se
1133 3516 1213 3570 sscris
1229 3526 1259 3570 ut
1272 3534 1338 3586 pnn-

242 3583 312 3636 isuis
325 3584 497 3637 sbutsbnutur
510 3601 566 3637 sum
580 3585 639 3638 nliis
661 3588 755 3649 rebus,
772 3594 824 3639 tum
845 3587 1015 3640 sssrussnctis
1027 3586 1192 3652 imaginibus,
1210 3603 1275 3653 quus
1287 3602 1338 3653 prs

242 3651 338 3706 mensis
352 3654 490 3706 habebant.
524 3654 562 3708 Et
572 3654 635 3725 quid
645 3654 732 3708 multis
743 3662 785 3707 est
794 3656 877 3724 opust
894 3655 949 3709 sine
961 3656 1012 3708 ολΙο
1023 3662 1090 3708 metu
1102 3655 1233 3707 iaciebant
1242 3654 1337 3718 omnin,

242 3737 310 3790 quse
323 3721 455 3790 impiornm
467 3722 594 3775 hominum
604 3724 760 3778 consuetudo
774 3724 834 3777 fert
870 3724 1039 3787 Quamobrem
1051 3723 1111 3775 belii
1125 3723 1209 3775 exitus
1222 3740 1274 3775 nun
1287 3723 1337 3774 bu-

241 3807 306 3855 nus,
324 3807 373 3843 nes
388 3790 523 3860 psincipiis
540 3798 727 3846 sunsentnneus
747 3791 814 3845 suits
831 3791 861 3844 ut
878 3809 1018 3862 progressu
1033 3793 1157 3845 erationis
1174 3793 1335 3844 ostendetur.

241 3859 315 3926 (tv).
334 3859 401 3912 Nem
420 3876 477 3911 snm
499 3860 606 3914 losnnes
621 3862 749 3932 Despotes
770 3861 906 3914 exereitum
924 3878 1010 3914 secum
1029 3861 1158 3914 adducens
1176 3857 1336 3923 advenisses,

240 3927 363 3995 oppidula
376 3927 467 3997 partim
480 3927 566 3982 statim
578 3929 732 3983 deditionem
746 3929 888 3984 faciebant:
906 3931 998 4000 partim
1014 3931 1065 3983 situ
1077 3931 1189 3983 locorum
1201 3929 1271 3982 freta
1283 3927 1335 3980 sii-

240 3998 360 4062 qmundiu
373 3997 541 4061 resistebnnt;
558 4015 615 4051 mox
627 3999 774 4055 bellismum
783 3998 953 4052 machinarum
966 3999 1085 4052 violentis
1098 3998 1191 4053 ictibus
1203 3999 1238 4051 sd
1246 4005 1335 4050 extre-

240 4076 306 4114 mum
318 4065 471 4119 sustinendis
483 4067 599 4135 imperis,
616 4067 674 4136 ipss
687 4068 765 4120 etism
776 4085 833 4121 sese
845 4069 1034 4121 submittebant.
1063 4069 1151 4132 Qusre
1163 4067 1336 4120 Sebastncrs-

240 4135 282 4185 sor
294 4131 417 4200 insunes,
435 4137 513 4188 rebus
530 4135 597 4188 omni
610 4151 643 4187 ex
656 4146 731 4206 parte
750 4134 894 4207 desperetis
910 4153 990 4190 novus
1004 4136 1096 4191 Patres
1111 4135 1151 4204 (id
1166 4135 1336 4189 munitissimo

239 4199 345 4253 metello
357 4219 445 4256 nomen
456 4206 511 4271 est)
525 4223 554 4258 se
565 4204 677 4274 recepit:
693 4204 738 4259 ubi
750 4221 809 4258 eum
821 4206 908 4259 hostes
920 4205 1122 4258 circumcludunt
1138 4211 1166 4258 et
1177 4204 1200 4258 lo
1237 4221 1252 4256 ο
1266 4209 1337 4256 tem-

239 4282 304 4337 pnrs
321 4268 510 4328 circumsessum
525 4280 684 4346 oppugnant
722 4272 897 4330 Incassum
908 4274 938 4329 in
949 4274 1020 4330 edito
1032 4281 1118 4330 moute
1130 4275 1205 4328 situm
1280 4270 1338 4326 'sas
