3017 4742
219 324 316 373 nm
404 304 669 381 munem
683 308 925 381 momen
942 308 1120 378 eroum

221 471 275 537 nel
295 464 485 577 derdlndlr,
475 466 533 533 ssnl
545 467 619 543 slc‘
602 496 620 535 ο
631 463 741 573 ταύτης
754 464 937 552 προντοὶτης,
956 466 1100 541 τα1τ1νες
1114 464 1187 541 ott}
1196 464 1316 530 lustror

222 554 362 636 φυέντος,
385 550 442 618 οὖν
465 552 597 662 ἄκαρποι
617 549 715 659 μόνρο
733 555 787 617 sel
800 557 1025 661 καταργρῦνττς
1046 548 1104 634 τὴν
1118 576 1179 634 γην
1188 576 1244 633 της
1262 545 1319 614 aal-

221 642 338 723 σεβείας
356 638 503 722 pilumni,
514 636 591 702 dttal
609 638 663 703 eal
680 632 872 712 ἆτανθοὶἃττς
890 638 944 701 sul
963 640 1033 700 λίαν
1038 645 1186 740 τραχεῖς,
1219 659 1316 721 παρα·

222 731 389 800 moderas
402 724 455 787 καὶ
471 722 703 799 διαοπόντεςτᾶ
716 729 773 803 τῆς
785 724 944 803 ἐκκλησίας
953 717 1132 825 γενήματα.

304 806 356 873 Ἐν
372 804 531 891 α1ςι1ητττρ
541 805 690 917 ἆσεβείαις
702 808 757 873 sul
770 804 910 881 οἶτοττίαις
922 750 1124 911 snldsddpxou
1138 800 1293 869 lucrosi
1261 826 1317 868 τον

221 890 371 1003 dinume
392 895 628 999 terrentem
632 890 822 957 Ἀκίνδονον·
842 892 896 956 καὶ
914 893 958 955 ἔτι
971 886 1081 968 Δεξων
1092 914 1177 968 τινα
1197 888 1249 956 etv
1261 894 1319 971 τῆς

221 975 378 1088 ὀριοτερᾶς
396 982 529 1061 μερίδος·
551 980 603 1043 arel
620 974 779 1061 Ἀργορδν,
800 974 856 1042 adv
876 979 929 1040 lesi
949 974 1071 1057 μεντᾶν,
1091 972 1147 1041 τᾶν
1163 971 1317 1082 κρ1πολν1

220 1090 255 1130 το
247 1063 461 1147 κίβδηλον
425 1088 480 1145 της
496 1059 649 1171 Ἑλλήνων
660 1066 810 1169 φλυαρίας
825 1059 1048 1165 πλοντηοαντα·
1069 1061 1122 1125 sel
1140 1058 1200 1164 πρὸ
1216 1055 1320 1124 crissie

221 1155 401 1256 Γρηγορᾶν
393 1146 555 1215 lustros
527 1173 578 1213 τον
596 1144 778 1230 ἅποστᾶτην.
805 1152 838 1213 οἳ
850 1144 950 1212 sel
913 1172 971 1227 την
975 1142 1073 1252 χάριν
1084 1142 1228 1221 καθάπαξ
1240 1140 1318 1226 sitta·

219 1234 401 1337 semermi
420 1240 499 1299 θεοῦ
517 1231 662 1335 κα1την
669 1232 804 1313 peomne
833 1230 926 1297 αὐτου
914 1228 1077 1312 δύναμιν
1097 1231 1149 1295 αα1
1168 1232 1318 1312 ἐνέργειαν

220 1314 434 1423 tremerem,
457 1321 605 1425 μηδαμῶν
625 1312 755 1426 δύναμιν
775 1325 933 1399 προσεῖναι
948 1316 1133 1404 llyorrsrroi
1145 1320 1221 1403 dep,
1241 1313 1319 1397 perdi

221 1401 338 1489 δωρεάν
350 1428 383 1469 τε
396 1402 547 1488 κα1ἠαρτν
559 1400 697 1481 ἒξάοτοο
686 1408 889 1485 προῖοοσαν.

305 1492 410 1553 Sacros
424 1490 547 1567 Tomos,
570 1490 606 1551 ab
621 1490 792 1551 orthodoxa
804 1489 916 1550 Christi
930 1488 1054 1549 ecelesia
1065 1487 1187 1568 publice
1199 1483 1321 1566 exposi-

218 1585 284 1653 tos,
314 1576 366 1655 qui
390 1577 520 1636 voluerit
541 1576 636 1655 leget,
665 1586 695 1635 et
715 1577 820 1637 omnia
835 1575 991 1653 explorate
1017 1583 1188 1651 cognoscet·
1218 1571 1319 1649 primo

220 1622 339 1742 quillem
357 1680 423 1721 eum
434 1663 578 1736 Turnum,
602 1660 652 1739 qni
668 1662 701 1721 in
712 1661 840 1741 impium
858 1661 945 1720 illum
958 1660 1147 1719 Barlaamnm
1161 1656 1320 1715 Calabrum

219 1747 317 1805 editus
340 1755 398 1805 est:
420 1756 483 1805 tum
507 1746 608 1821 illum,
631 1746 683 1825 qui
704 1745 848 1805 adversus
857 1744 1048 1804 temerarium
1066 1742 1094 1827 ¹)
1116 1742 1319 1819 Acindynum,

218 1831 319 1890 eadem
336 1850 411 1908 quae
432 1790 608 1889 Barlaamus
627 1838 742 1889 tentare
765 1827 929 1908 ausnm1)3
952 1828 1079 1908 denique
1092 1848 1161 1888 aum
1181 1826 1232 1905 qui
1253 1836 1320 1884 ter-

217 1916 278 1977 tius
301 1915 431 1993 prodiit,
460 1914 642 1995 compositus
660 1915 831 1975 videlicet
822 1936 854 1974 sn
879 1934 948 1973 eum
967 1913 1019 1992 qui
1033 1923 1080 1975 ter
1102 1924 1132 1972 et
1156 1910 1272 1989 saepius
1288 1908 1319 1991 ⁹)

217 1999 374 2079 (siquidem
387 2000 423 2057 ab
432 2018 466 2058 eo
475 2020 561 2080 saepe
572 2009 629 2058 eta
644 2000 734 2059 variis
748 2010 898 2079 praeterea
905 1997 1062 2058 haereticis
1076 1998 1199 2059 ecclesia
1209 1994 1322 2055 Christi

215 2084 355 2143 similiter
369 2085 541 2163 perturbata
564 2081 638 2163 est),
662 2086 824 2162 Gregoram
838 2085 925 2161 dieo,
946 2093 1043 2143 morte
1063 2083 1178 2142 nnimne
1199 2082 1321 2161 penitus

214 2178 384 2243 mortuum,
406 2169 615 2247 eundemque'
605 2169 768 2249 impietatis
783 2179 905 2229 veterno
921 2180 950 2227 et
969 2166 1053 2247 gravi
1070 2188 1176 2248 sopore
1191 2187 1321 2249 oppres-

215 2275 294 2317 sum.
338 2254 504 2331 Cognoscet
517 2255 543 2312 is
558 2274 647 2333 quem
660 2255 744 2315 varia
757 2264 788 2313 et
801 2275 889 2334 quam
903 2253 1026 2315 subdolo
1040 2252 1079 2313 sit
1091 2253 1168 2314 haec
1178 2250 1321 2326 haeresis,

215 2359 306 2417 quam
325 2338 379 2397 llei
396 2338 517 2397 inimica
533 2348 563 2397 et
578 2339 684 2415 norria3
708 2340 774 2419 quis
788 2340 882 2419 ipsius
900 2349 1106 2419 propugnator
1119 2339 1235 2419 primus
1250 2339 1322 2397 sne-

213 2424 274 2499 rit3
296 2422 415 2502 quinem
433 2424 561 2503 denique
575 2424 646 2483 inde
665 2425 764 2486 exorti
784 2446 845 2484 non
868 2423 957 2483 modo
980 2422 1164 2485 infructuosi
1183 2432 1213 2483 et
1232 2442 1323 2481 verae

214 2508 367 2587 religionis
383 2509 482 2569 solum
496 2510 670 2569 infestantes
690 2511 821 2584 surculi,
841 2508 1047 2569 verumetiam
1065 2509 1179 2585 spinosi
1194 2517 1224 2566 et
1237 2506 1321 2567 mul-

213 2602 279 2653 tum
293 2593 405 2674 asperi,
426 2614 477 2653 eos
492 2614 566 2673 quos
581 2594 684 2673 genuit
708 2596 835 2656 ecelesia
859 2595 958 2654 foetus
985 2594 1118 2654 molestia
1137 2592 1272 2653 afficiant
1289 2601 1322 2652 et

213 2678 389 2739 dilacerent

298 2780 620 2863 Horumsllarlasmna]
634 2780 798 2861 impiorum
811 2781 983 2859 dogmatum
996 2790 1026 2842 et
1033 2801 1167 2842 errorum
1179 2780 1322 2841 heredem

212 2863 319 2925 habuit
332 2866 482 2927 infelicem
496 2868 581 2927 illum
591 2868 799 2946 Am’ndynum3
816 2867 889 2926 item
901 2867 1037 2943 nexium,
1050 2869 1241 2927 sinistrarum
1252 2887 1323 2946 par·

211 2950 289 3009 tinrn
303 2948 452 3011 hominem
466 2949 510 3037 1);
530 2973 587 3011 nec
600 2974 661 3013 non
674 2952 832 3032 Argyrum,
847 2952 994 3029 aeruginis
1004 2951 1029 3031 ³)
1044 2953 1168 3032 plenum
1183 2963 1213 3010 et
1222 2952 1318 3011 Gree-

214 3038 335 3095 canicae
356 3038 497 3097 vanitatis
517 3038 589 3098 falsa
617 3048 736 3097 moneta
752 3035 782 3122 ⁸)
811 3038 1094 3116 instructissimum
1115 3047 1146 3097 et
1165 3045 1235 3095 anta
1264 3036 1322 3098 lros

213 3130 377 3199 apostatam
396 3122 482 3182 illurn
505 3123 675 3202 Gregorem.
717 3123 742 3182 li
761 3123 885 3201 gratiam
902 3122 956 3182 llei
973 3123 1096 3182 omnino
1127 3131 1323 3201 contempse-

213 3215 296 3280 runt,
318 3209 483 3267 naturalem
495 3209 558 3267 eius
572 3208 714 3269 virtutem
730 3218 760 3266 et
770 3207 971 3287 operationem
980 3208 1188 3288 repudiarunt,
1203 3207 1320 3266 nullam

212 3289 281 3350 lleo¹
290 3290 461 3352 adiunctam
477 3293 638 3372 virtutem,
658 3292 779 3353 nullum
793 3312 832 3352 ex
854 3312 889 3353 eo
905 3291 1035 3372 donum,
1057 3294 1172 3354 nullam
1193 3293 1322 3371 gratiam

211 3376 374 3455 procedere
390 3376 541 3437 dixerunt.

297 3476 412 3554 Habes,
433 3478 489 3537 Vir
502 3466 716 3556 illustrissime,
738 3479 846 3539 selecta
863 3496 880 3537 e
900 3477 1007 3539 multis
1023 3477 1186 3559 Nicephori
1204 3479 1322 3557 Grego-

211 3581 264 3625 rae
279 3561 392 3641 elogia;
413 3561 580 3623 honorifica
598 3564 712 3644 pariter
727 3574 758 3623 et
774 3563 936 3624 iniuriosa:
958 3583 1032 3643 quae
1047 3566 1140 3643 longo
1157 3565 1322 3624 intervallo

212 3648 354 3707 distantis
368 3658 399 3707 et
409 3648 499 3729 plane
513 3648 661 3729 disparata
671 3649 740 3710 ideo
754 3649 967 3711 coniunximus
981 3659 1011 3708 et
1027 3650 1120 3709 oeulis
1133 3650 1193 3709 tuis
1204 3650 1320 3710 alterna

212 3733 411 3804 subiecimus,
441 3754 498 3813 qno
515 3735 634 3795 facilius
653 3734 838 3816 perspiceres
862 3754 953 3813 qnam
973 3734 1075 3812 iniqua
1089 3744 1189 3795 essent
1206 3734 1323 3795 iudicia

210 3816 384 3896 hominum,
409 3840 497 3899 quem
514 3840 602 3880 caeca
620 3830 651 3882 et
664 3820 786 3881 affectui
802 3819 943 3880 obnoxia.
985 3820 1068 3879 lllud
1086 3828 1186 3881 tamen
1202 3819 1260 3881 hnc
1286 3820 1322 3880 in

210 3914 297 3984 perte
323 3904 479 3984 diligenter
499 3906 591 3965 velim
611 3906 764 3983 attendas,
784 3926 803 3965 a
823 3904 934 3985 quibus
951 3904 1097 3983 Gregoras
1121 3904 1322 3987 reprehensus

211 3996 243 4048 et
260 3990 450 4051 contumeliis
465 4001 591 4051 vexatus
605 3992 662 4069 sit,
684 4014 734 4053 eos
747 3991 795 4051 illi
809 3991 945 4050 infensos
959 3990 1051 4050 inisse
1064 3990 1104 4049 ob
1118 4012 1182 4051 esur
1195 4010 1322 4070 prorsus

211 4092 331 4133 causam
337 4076 443 4155 ,quia
464 4077 611 4137 saniorem
622 4078 790 4139 doctrinm
805 4084 836 4137 et
855 4094 944 4138 verse
963 4073 1036 4137 fidei
1049 4076 1188 4155 (logmata
1200 4095 1322 4157 propu-

246 4242 278 4311 1)
294 4241 410 4297 Graecas
422 4244 556 4299 allusiones
568 4243 678 4303 reddero
689 4260 741 4301 non
756 4244 841 4301 licuit.
907 4242 942 4311 2)
965 4242 1076 4314 §epple
1091 4244 1183 4299 endan
1198 4243 1322 4299 testsoit

212 4308 245 4379 3)
261 4310 407 4367 Allusionas
418 4314 452 4367 ad
465 4315 575 4371 nonme
