3017 4742
379 268 618 340 NICEPHORI
638 268 883 339 GREGORAE
901 268 1082 356 uuocm
1215 283 1276 335 m
1351 286 1359 317 ⁶

176 433 257 495 miles
280 430 330 493 tui
346 450 439 511 quam
453 427 601 508 plurimos
614 428 749 509 quotidie
767 429 888 491 efficias.
929 428 1028 509 Atque
1046 428 1108 490 boo
1125 439 1162 491 tu
1174 430 1275 493 melius

173 520 239 599 ipse
262 538 354 597 quam
382 516 461 575 alius
477 514 631 593 quisquam
650 514 892 595 philosopharis,
914 532 983 575 cum
1002 515 1175 575 benefacere
1191 538 1278 597 quam

173 604 257 665 affici
270 602 416 663 beneficio
431 601 630 679 praestantius
643 599 832 680 diviniusque
848 620 911 661 esse
922 600 1037 661 statuis.
1078 600 1155 660 Mihi
1168 612 1278 681 autem,

174 690 228 769 qui
255 708 357 747 earum
378 705 481 747 rerum
505 684 612 763 quibus
632 684 765 745 abundas
790 687 832 745 ita
847 706 914 745 sum
933 696 1095 766 appetem,
1114 695 1151 745 ut
1166 687 1279 749 formae

174 774 317 848 materia,
337 793 375 832 ne
397 771 529 849 graveris
552 790 661 850 quaeso
680 771 861 851 respondere
876 792 970 852 pauca
981 770 1055 831 haec
1063 773 1278 849 interroganti:

177 880 301 939 quarum
323 856 496 918 tabularum
519 876 575 935 ope
589 876 729 916 numeros
749 857 964 917 astronomicas
979 866 1152 938 computare
1165 858 1278 936 soleas,

178 964 323 1024 quaenam
344 965 360 1003 a
382 952 414 1001 te
436 951 588 1019 ponantur
600 940 746 1021 epochae,
770 950 799 1000 et
814 942 933 1021 quando
952 963 1003 1002 eae
1017 943 1147 1023 pn'mum
1162 942 1279 1023 positas

177 1030 307 1090 soei-iat:
330 1036 476 1108 quantum
498 1025 533 1085 ab
554 1026 616 1085 illis
638 1024 761 1105 epochis
781 1026 818 1084 ad
837 1025 919 1086 hunc
938 1026 1017 1087 diem
1037 1048 1134 1107 usque
1159 1034 1278 1107 tempus

174 1115 308 1175 fluxerit.
352 1115 454 1191 Neque
469 1112 547 1169 enim
562 1120 636 1191 puto
649 1121 680 1170 te
696 1112 741 1171 uti
757 1111 961 1189 Ptolemaide,
983 1132 1058 1191 quae
1074 1122 1208 1173 exactam
1219 1134 1278 1173 ve-

173 1202 296 1266 ritatem
311 1199 402 1275 longo
417 1207 553 1276 tempore
568 1198 740 1256 amiserunt.
782 1197 856 1257 Item
871 1198 920 1257 cui
935 1197 1051 1258 auctori
1066 1198 1169 1258 credas
1182 1198 1216 1257 in
1234 1200 1279 1259 iu-

175 1286 265 1345 diciis
293 1282 493 1361 astrologicis,
515 1282 721 1341 Ptolemaeone
741 1283 815 1356 soli,
838 1304 877 1343 an
897 1292 926 1342 et
950 1284 1002 1343 alii
1024 1283 1161 1365 cuipiam.
1202 1285 1279 1345 Nam

175 1370 262 1445 ltali,
285 1368 462 1448 quibuscum
483 1366 568 1425 nohis
582 1368 666 1453 sedes
681 1368 847 1427 communis
867 1368 989 1446 obtigit,
1013 1379 1118 1429 neutra
1135 1369 1167 1429 iu
1181 1380 1277 1450 parte,

173 1476 233 1513 neo
247 1454 280 1512 in
295 1452 509 1533 speculatione,
530 1472 585 1511 neo
599 1453 630 1511 in
645 1454 742 1532 praxi,
758 1454 957 1514 Ptolemaeum
973 1454 1079 1513 ducem
1095 1464 1276 1534 sequuntur3

174 1540 226 1599 sed
236 1538 455 1600 recentioribus
469 1538 678 1617 utplurimum
689 1538 922 1599 adhaerescunt:
937 1560 994 1599 nec
1008 1540 1142 1599 contenti
1155 1540 1278 1623 tabulis,

176 1645 252 1706 qnae
279 1646 297 1683 a
312 1622 516 1683 hlohammede
537 1622 654 1682 initium
673 1623 790 1684 ducunt
796 1628 811 1700 ,‘
826 1626 929 1683 multis
941 1633 1092 1703 praeterea
1104 1626 1168 1683 aliis
1181 1634 1278 1683 utun·

177 1719 241 1769 tur.
281 1710 362 1769 llaec
382 1710 480 1768 tusae
499 1716 579 1767 certo
604 1708 711 1767 sciam:
734 1729 770 1767 ac
785 1709 812 1767 si
824 1708 889 1767 fieri
904 1718 1014 1788 potest,
1038 1710 1124 1767 etiam
1141 1708 1278 1787 Pospho-

183 1796 249 1855 riao
267 1794 381 1871 regulas
395 1790 420 1877 1)
440 1790 496 1875 (ita
511 1793 609 1851 Latini
626 1802 738 1851 vocant
749 1801 908 1872 praecepta
922 1792 1127 1871 computandi)
1149 1791 1219 1851 iube
1239 1792 1279 1869 sd

184 1899 233 1937 me
256 1880 442 1957 transcriptas
462 1877 561 1953 mitti,
583 1885 618 1937 ut
638 1878 710 1937 istas
723 1879 835 1957 poesim
857 1898 924 1936 cum
939 1878 1061 1936 illorum
1075 1876 1187 1955 regulis
1203 1897 1297 1937 οσο-1

179 1966 267 2023 serre.
304 1964 425 2021 Scilicet
439 1984 507 2039 nos,
531 1962 582 2041 qui
598 1964 782 2042 praeclaram
795 1961 950 2021 scientiam
964 1973 1107 2037 extremo,
1128 1972 1164 2022 ut
1183 1963 1278 2037 aiunt,

178 2050 271 2127 digito
290 2049 448 2109 delibatam
465 2048 665 2125 gustavimus,
687 2047 877 2111 incendimur
894 2047 1014 2127 quidem
1030 2047 1177 2109 desiderio
1188 2050 1278 2129 plura

177 2134 312 2194 discendi
320 2157 330 2211 5
353 2144 386 2193 at
401 2132 468 2213 quis
485 2132 570 2192 libris
584 2153 728 2209 caremus,
750 2133 819 2193 ideo
835 2132 907 2193 inde
919 2134 1103 2214 repellimur,
1124 2154 1183 2213 quo
1199 2135 1277 2215 aspi·

175 2240 287 2280 ramus.
329 2219 447 2298 ltaque,
469 2217 517 2277 vir
532 2217 798 2297 praestantissime,
818 2239 892 2297 quae
906 2219 968 2277 sint
984 2238 1052 2277 mea
1067 2219 1168 2279 studia
1183 2220 1277 2279 intel·

175 2304 254 2383 ligio,
268 2314 359 2384 atque
376 2304 451 2363 adto
465 2303 537 2383 quid
550 2303 589 2386 sit
602 2324 661 2382 quo
676 2303 822 2381 indigeam
835 2303 988 2382 explorate
996 2304 1157 2381 cognoscis.
1178 2305 1278 2365 Tuum

176 2401 221 2449 est
245 2392 357 2468 igitur,
379 2389 460 2468 quod
473 2388 506 2447 in
523 2398 553 2447 te
570 2388 643 2465 erit,
665 2388 758 2464 mihi,
780 2389 832 2466 qui
845 2389 1058 2448 remotissimus
1076 2388 1166 2467 dego,
1189 2410 1276 2469 opem

178 2476 272 2549 terre5
295 2474 535 2556 quandoquidem
551 2473 588 2534 ud
609 2474 707 2532 omnia
731 2472 849 2533 civibus
866 2474 927 2533 tuis
940 2494 1016 2536 unus
1038 2474 1160 2534 sufficis.
1202 2474 1279 2537 Vive

179 2570 211 2619 et
228 2561 313 2635 vale,
338 2559 477 2619 Graeciae
499 2560 601 2617 lumen
624 2558 842 2633 clarissimum,
872 2560 961 2619 altius
988 2559 1122 2640 quotidie
1146 2580 1279 2642 progre-

180 2644 269 2723 dere,
290 2656 321 2706 et
333 2666 383 2706 eos
398 2644 451 2725 qui
466 2644 547 2704 intra
561 2642 661 2703 iacent
675 2643 713 2704 ad
726 2653 755 2704 te
767 2644 867 2725 ipsum
884 2644 1009 2706 attrahe.

343 2810 384 2880 ll.
406 2807 503 2877 Κατὰ
521 2813 588 2878 τῶν
607 2813 668 2877 τοῦ
688 2814 842 2899 Γρηγορᾶ
862 2806 1060 2901 ληρημίτων
1074 2804 1115 2897 ²).

261 2930 296 2995 ‘O
311 2930 346 2997 dl
361 2928 537 3012 σοφοίτατος
554 2936 726 3017 Γρηγοροῖς,
747 2929 847 3016 ὥσπερ
866 2930 924 2997 ου’ττ
938 2927 1113 3016 σίρκοείντων
1129 2922 1279 3016 ακίτῷτοίν

182 3020 357 3093 Βυζαντίων
372 3020 415 3093 είς
429 3022 546 3099 θαῦμα,
565 3019 616 3080 καί
632 3019 866 3092 Θεσσαλονικέως
878 3014 979 3100 &solym
989 3015 1067 3100 πρίς
1080 3012 1151 3091 rode
1162 3011 1279 3097 ὕμνους

176 3101 249 3177 νοτίς
265 3103 375 3167 ἑαυτοῦ
381 3150 389 3181 ,
412 3098 569 3186 γράμματα
579 3102 706 3182 πέμπων
726 3103 779 3165 καλ
791 3110 972 3185 προσκυνεῖν
986 3098 1120 3182 μονονοτί
1134 3096 1276 3180 κελεύων,

177 3186 293 3270 ἄνδρας
308 3188 487 3271 ἐλευθέρους
493 3187 544 3251 καί
560 3186 654 3269 μηδὲν
665 3184 780 3262 εἰδότας
792 3183 919 3271 ἢλίγετν
929 3184 953 3269 ἢ
964 3182 1106 3272 πράττειν
1116 3183 1193 3271 πρίς
1204 3185 1278 3290 q‘do·

177 3270 238 3355 νῆν
252 3269 357 3337 ου’ὃενί
374 3317 496 3334 ......
514 3268 662 3353 Θανμείζω
678 3271 711 3340 dl
726 3278 862 3355 πρῶτον,
885 3274 915 3336 εί
925 3269 983 3354 τήν
1003 3278 1138 3355 γλῶτταν
1148 3267 1278 3355 η’γνοησσ

176 3364 234 3421 τοῦ
247 3363 427 3437 θαυμαστοῦ
443 3360 669 3437 Θεσσαλονίκης,
682 3358 733 3421 καλ
746 3356 781 3422 τί
796 3352 869 3441 παρ’
884 3358 1001 3439 ἐκείνης
1010 3351 1080 3420 κατ’
1092 3352 1189 3421 ου’κοῠ
1197 3362 1277 3440 πῦρ·

183 3442 283 3505 ἔπειτα
296 3446 323 3507 εί
334 3438 536 3526 προσεδόκησε
547 3440 629 3523 παρτί
639 3443 985 3518 Θεσσαλονικέωνκαλοίς
997 3438 1141 3507 α’κοῦσατ·
1156 3446 1187 3507 οἳ
1200 3466 1278 3522 φου-

181 3522 307 3590 λότατίν
313 3552 343 3591 τε
351 3524 453 3606 odada,
463 3524 519 3593 οτίκ
528 3522 576 3592 old
581 3523 590 3549 '
601 3523 692 3605 ὅπως,
699 3524 794 3592 πάλαι
806 3527 936 3611 ἦγοῦντο
950 3526 1008 3610 τήν
1016 3530 1059 3603 είς
1069 3524 1174 3613 λόγους
1186 3523 1280 3591 δίνα-

178 3607 1280 3777 llll*‘'milltl'llll'llhltt'tllt‘lssl''“tlssltld't

175 3778 811 3867 ξ
824 3702 1259 3848 l

382 3894 552 3977 quta-n
631 3894 691 3951 νμ
767 3894 871 3932 osso
988 3894 1104 3951 τνμ
1259 3898 1280 3913 ·

177 3947 356 4035 γράμματος
375 3963 540 4039 αγνοεῖταε,
561 3954 612 4019 καί
635 3950 693 4033 ὄπι
709 3955 760 4018 δεῖ
771 3960 874 4018 καλεῖν
886 3951 943 4020 oda
959 3956 1079 4038 ἔχομεν,
1103 3946 1201 4035 ὅσπερ
1217 3956 1281 4015 miv

177 4036 261 4119 πυροί
283 4033 380 4119 φύσιν
400 4038 596 4125 γεννωμένου
609 4082 714 4101 .....
722 4036 846 4104 ’Ἔπειτα
866 4041 918 4106 καλ
931 4042 1018 4114 etate
1032 4033 1190 4119 οίνοίσχοιτο
1203 4034 1280 4104 κακοί

215 4203 246 4271 1)
267 4206 311 4261 Ex
331 4206 437 4263 Gmeao
452 4207 634 4279 ψηφηφορίαν.
653 4206 767 4333 sblfflee
782 4207 843 4261 bine
858 4208 972 4260 fortun
1014 4206 1021 4221 ‘
1109 4220 1154 4258 seu
1169 4204 1279 4276 (alpha.
1289 4169 1309 4200 ι

247 4274 280 4341 2)
296 4274 364 4331 vtae
374 4280 499 4351 opuscula
511 4275 652 4337 Niomc
772 4313 783 4342 ‚
798 4276 856 4333 cod.
869 4278 937 4345 neg.
953 4276 1033 4335 2965,
1049 4274 1169 4366 tolph?-
