3017 4742
222 324 282 379 xlv
659 314 715 383 10.
736 309 902 388 Bolvuu

306 476 342 537 ln
356 473 441 537 hune
449 472 570 535 modum
581 482 644 535 tam
657 474 772 535 Graeca
784 492 875 553 quana
888 472 994 536 Latina
1006 494 1023 535 a
1039 472 1128 536 nobis
1138 474 1225 537 ancia
1238 474 1268 538 e't
1282 498 1329 541 ra.

223 579 343 659 cognita
359 580 490 639 fumant.
532 578 579 639 Ad
593 578 667 639 haec
683 576 754 638 libri
768 595 849 637 nova
864 576 982 637 ratione
1000 575 1113 654 divisi,
1133 580 1275 658 qnoniam
1295 582 1331 641 in

202 740 205 747 .
220 680 377 765 prioribus
393 680 572 741 editionibus
586 681 704 761 capita,
724 688 836 741 temera
852 689 884 741 et
899 678 1084 741 inconcinne
1102 700 1227 761 prorsus
1243 684 1331 763 dige-

220 792 284 861 sta,
307 782 395 843 etiam
414 781 545 843 numeris
559 764 708 859 carebalrt.
748 780 1019 843 Additaemiaores
1040 784 1197 847 οοοῐίοοοο.
1240 784 1330 844 Prae·
1427 836 1436 847 ,

218 884 281 947 fixa
295 883 420 963 singulis
436 882 581 964 capitibus
598 892 779 965 argumcma,
801 904 856 946 seu
872 884 1020 947 breviaria
1025 929 1035 965 ,
1055 886 1186 966 vulgatis
1203 904 1327 946 accura-

219 986 299 1047 tiora
329 994 360 1046 et
387 983 427 1045 ad
445 985 612 1047 sectionum
637 1005 779 1049 nummos
806 991 1038 1052 accommodata.
1078 986 1177 1066 Anni,
1203 1006 1328 1065 mensu,

220 1088 303 1167 diss,
325 1088 456 1148 uderum
478 1097 563 1150 ortus
585 1098 616 1149 et
637 1088 748 1170 obitus,
772 1092 845 1154 solis
866 1103 897 1156 et
914 1095 1004 1155 lanae
1025 1094 1176 1168 laeam,
1198 1097 1230 1148 et
1248 1089 1327 1150 varii

220 1202 394 1271 temporum
420 1190 606 1253 characteres
634 1190 761 1255 subinde
779 1194 924 1260 adnotati.
966 1196 1153 1271 Sententiae,
1174 1201 1204 1253 et
1224 1191 1326 1253 crebra

218 1297 257 1360 de
270 1295 403 1358 moribus
417 1295 544 1373 iudicia,
566 1295 637 1356 item
652 1297 709 1356 alia
723 1296 868 1377 quaedam
879 1298 1002 1360 levioris
1016 1296 1169 1373 momenti,
1190 1313 1230 1353 ne
1242 1295 1326 1355 oneri

219 1408 316 1461 meent
329 1396 528 1478 marginibus,
550 1398 687 1459 omittere
702 1399 801 1460 meum
817 1410 870 1461 est.
913 1402 1008 1461 Notae
1028 1400 1152 1478 breves,
1172 1398 1226 1457 uhi
1250 1416 1325 1477 opus

218 1503 288 1579 luit,
307 1501 455 1561 adiectae:
476 1500 628 1562 uberiores
644 1501 773 1564 reiectae
790 1502 829 1564 ad
843 1504 956 1563 calcem
972 1503 1059 1564 Tomi
1074 1501 1207 1563 secundi.
1230 1500 1326 1560 Porro

218 1608 252 1667 in
273 1604 321 1664 his
340 1604 453 1686 primas
468 1611 571 1663 tenent
594 1602 758 1665 doctissimi
778 1605 924 1685 Ducsngii
943 1606 1039 1666 Notas
1059 1614 1229 1686 postumam
1250 1619 1327 1683 quas

217 1708 308 1790 paolo
325 1716 397 1787 post
413 1704 496 1765 illius
511 1715 639 1767 mortem
654 1726 736 1767 meae
748 1707 819 1769 fidei
835 1708 1093 1769 commendaverat
1111 1706 1217 1788 optimi
1231 1704 1327 1786 petiis

217 1810 298 1869 filius
319 1787 508 1887 dignissimus
527 1805 683 1888 Philippus
699 1808 886 1889 Ducangius,
914 1810 1058 1870 Franciae
1074 1809 1224 1883 Quaestor
1244 1807 1327 1887 apud

217 1892 367 1974 Pictavob.
409 1908 464 1969 His
487 1908 622 1988 partibus
646 1930 683 1969 ac
703 1911 837 1972 numeris
858 1911 951 1972 editio
974 1910 1049 1971 haec
1066 1911 1157 1990 Regia
1181 1906 1326 1969 differta

218 2012 365 2093 vulgatior
386 2030 460 2090 quaa
481 2027 535 2088 ego
552 2011 591 2070 ad
614 2010 699 2071 huno
717 2010 798 2073 diem
817 2031 911 2094 usquc
931 2032 996 2073 non
1018 2014 1122 2093 plures
1145 2011 1211 2073 vidi
1235 2028 1325 2089 quam

216 2122 364 2197 quatuore
394 2130 449 2175 aex
470 2120 570 2172 nmen
593 2114 789 2193 prodierunt,
818 2124 870 2175 ant
886 2115 993 2175 saltam
1014 2115 1154 2195 quinqua.
1196 2114 1325 2175 Primam

217 2236 297 2279 anno
309 2234 418 2275 arnum.
439 2212 602 2274 Graecast
623 2216 728 2277 Latine
745 2219 780 2277 in
802 2217 963 2277 Germania
983 2216 1132 2298 prodiisse
1153 2214 1325 2277 Fridericua

216 2316 432 2399 Rostgaardius
450 2316 608 2395 colligebat
630 2336 668 2377 ax
683 2318 833 2379 Wolfiaua
848 2320 1051 2400 praelatione,
1073 2339 1127 2380 seu
1141 2318 1240 2400 potius
1256 2317 1324 2397 epi·

217 2423 296 2485 stola
311 2418 545 2508 prosphonetico
560 2417 599 2478 ad
615 2418 778 2481 Antonium
790 2421 973 2501 Fuggernm,
994 2422 1050 2482 illo
1072 2422 1139 2503 ipso
1154 2440 1233 2480 anno
1245 2419 1323 2479 data

215 2526 283 2589 Hoc
303 2522 403 2605 posito
419 2516 468 2601 ⁴¹),
490 2522 621 2581 secunda
639 2523 732 2585 luerit
753 2544 876 2606 eaquae
890 2526 993 2583 Lunna
1008 2524 1123 2604 prodiit
1143 2523 1275 2583 Basileus
1295 2540 1322 2582 a.

215 2646 339 2690 munna.
376 2622 486 2700 Tertia,
509 2642 585 2703 quae
601 2624 664 2686 hat.
678 2625 771 2687 Paris.
784 2648 810 2688 a.
825 2646 969 2687 nomn.
1011 2628 1143 2703 Quarta,
1166 2644 1242 2705 quae
1258 2623 1323 2683 lta-

70 2716 81 2733 '
214 2731 289 2807 lice,
310 2728 474 2807 interprete
492 2725 566 2789 hud.
579 2725 683 2804 Dulci,
705 2736 866 2787 accuranta
883 2726 1050 2805 Augustino
1066 2726 1237 2804 Ferentilli,
1260 2726 1323 2786 Vs-

216 2842 279 2895 net.
295 2853 322 2892 a.
337 2846 468 2891 noum.
481 2826 515 2887 io
530 2826 560 2893 4.
590 2827 715 2907 Quinta,
730 2848 815 2911 ,quas
830 2831 893 2890 Lat.
906 2830 1101 2891 Francolurti
1118 2831 1157 2890 ad
1172 2830 1321 2899 Moenum,
1449 2892 1457 2905 ,

216 2956 246 2998 a.
262 2950 452 2994 mannen.
494 2932 599 3003 Sexta,
620 2950 697 3011 quae
710 2932 823 2993 Graece
840 2941 870 2992 ct
881 2932 1002 3010 Ιοιίοο,
1025 2933 1166 2992 colorum
1179 2930 1321 2991 Allobro·

216 3056 298 3119 gum,
321 3056 349 3095 a.
372 3052 490 3096 smcxv.
507 3032 647 3094 Hankius
663 3034 812 3113 Gregorae
839 3033 1003 3097 Historiam
1017 3034 1158 3095 Coloniae
1171 3033 1320 3093 Planicia-

216 3158 274 3200 nae
292 3139 381 3199 etiam
398 3158 425 3199 a.
441 3136 473 3195 C.
491 3154 622 3199 uncam.
639 3136 749 3197 editam
765 3136 919 3215 chamut,
940 3136 1126 3197 Warthonus
1140 3136 1214 3196 duas
1228 3137 1322 3195 Fran-

217 3240 403 3302 oofurtensea
413 3247 567 3313 numerat3
582 3237 1320 3319 primama.amuxvr11.,secundama.sansxxxvn.

299 3358 334 3418 ln
347 3358 442 3419 Tamo
460 3358 592 3419 secundo
612 3357 659 3419 usi
673 3378 776 3419 sumus
793 3357 910 3419 duobus
922 3358 1117 3442 apographis,
1138 3369 1266 3440 unoque
1280 3376 1320 3419 ex

214 3462 369 3524 veteribus
394 3460 614 3542 exemplaribus
638 3462 751 3523 llomae
769 3461 929 3543 descripto.

300 3582 436 3643 Primum
459 3580 678 3665 apographum,
700 3578 783 3661 quod
804 3578 837 3641 in
849 3578 1036 3641 Bibliotheca
1050 3580 1139 3660 Regis
1161 3588 1245 3641 extat
1258 3598 1320 3640 nu·

214 3706 298 3749 mero
306 3684 498 3755 2079docta
507 3695 536 3746 et
549 3684 675 3765 eleganti
689 3704 780 3745 mann
792 3693 964 3744 anteannos
977 3682 1044 3762 plus
1053 3692 1174 3743 centum
1188 3682 1320 3763 atquin·

215 3788 359 3871 quaginta
386 3797 541 3849 exarnum
565 3788 642 3866 fuit,
669 3798 705 3849 ut
727 3796 813 3870 patet
830 3808 869 3848 ex
887 3785 981 3868 ipsius
999 3784 1117 3845 librarii
1135 3786 1319 3865 testimonio,

215 3890 267 3973 qui
281 3900 404 3973 peracto
426 3912 516 3972 opere
539 3890 614 3953 haec
629 3892 814 3975 subscripsit.
861 3888 950 3965 Τέλος
968 3888 1074 3971 ἔλαβεν
1086 3890 1176 3952 τοῦτο
1189 3884 1223 3952 sd
1241 3882 1320 3951 σοό-

214 4015 311 4079 τογμα
332 3998 373 4083 τῇ
394 3988 630 4082 ὀκτωκαιδεκάτῃ
653 4000 709 4059 τοῦ
731 3990 918 4078 ὄκτοβρίοο,
940 3992 997 4056 ἔτει
1015 3994 1154 4079 χιλιοστοῖ
1176 4012 1320 4054 πεντακο-

215 4100 330 4183 σιοστοῑ
350 4102 578 4185 τεσσαρακοστῷ
597 4098 702 4184 τρίτῳ,
724 4098 846 4185 σπουδῇ
861 4095 913 4159 καὶ
926 4094 1092 4181 φιλοπονίᾳ
1107 4086 1320 4178 Χριστοφόροο

251 4280 279 4351 ‘)
296 4280 370 4352 [Non
383 4282 441 4339 arat
462 4282 622 4357 ponendum
638 4282 692 4341 vid.
709 4282 827 4341 Fabricii
838 4282 908 4340 Bibl
919 4282 978 4339 Vol.
992 4280 1052 4337 vn.
1062 4298 1090 4355 p.
1102 4282 1163 4341 652
1177 4276 1264 4348 Harl]
