3017 4742
344 304 590 377 NICEPHORI
613 306 854 378 GREGORAE
875 308 1053 377 ELOGIA.
1175 324 1258 371 arax

154 492 208 549 ροι-
213 463 274 547 τήν
284 470 422 550 γλῶτταν
436 462 533 543 αλίως
546 461 647 531 καί
612 490 645 531 το
659 458 777 543 idus*
759 490 841 543 οντες
841 462 1041 575 τυγχάνουσι,
1063 472 1121 550 τῆς
1135 464 1254 572 ἇγωγῆς

149 552 250 617 τεκαὶ
270 557 337 614 τοῖν
357 554 492 630 πατρίων
517 548 596 616 οὕτω
618 552 704 615 ταυτί
721 548 946 661 χορηγούντων,
970 549 1046 615 ἄλλα
1067 556 1121 617 καί
1132 578 1253 657 spossus

148 638 206 702 είσί
233 642 374 743 χρηστῶν
397 636 449 699 καί
469 660 508 699 κα
508 632 695 719 λοκοίγαθίας
710 634 804 701 καί’
784 638 1094 720 αρετῆςφροντεσταὶ,
1115 635 1254 703 καθόσον

147 718 212 787 οἷον
219 746 271 785 τε
287 716 443 802 ευσεβείας
450 745 482 784 τε
496 720 622 805 κρότων
638 728 736 785 αλλων
745 727 1077 786 καιτωναττοστολικων
1089 746 1122 786 τε
1134 723 1252 787 καὶπα·

148 812 262 911 τρτκοῖν
283 804 441 914 δογμάτων
464 809 689 871 σπουδασταίτε
709 805 763 870 καί
785 803 926 887 φύλακες,
940 832 982 882 ως
997 803 1105 870 καί’
1058 813 1158 911 αντῆς
1171 807 1250 913 ν’ττὲρ

147 888 264 956 τούτων
274 915 346 995 μετα
339 889 502 971 πλείστης
514 916 547 975 γε
560 894 792 998 τῆςφτλοτιμίας
805 892 890 955 ἐν
846 918 886 979 sps
896 915 949 956 τον
964 898 1072 973 καιροῦ
1082 890 1248 974 παρασχόν-

148 1000 187 1054 τι,
207 982 273 1051 τεοῖς
288 972 435 1051 ανεῖποις
448 974 553 1057 ηδίως
576 972 818 1056 αφίστασθατ
777 1003 834 1057 της
848 957 959 1057 dexto
980 976 1045 1042 tut
1058 978 1109 1040 καί
1123 981 1248 1055 κατεξα-

147 1062 234 1169 νέστη
256 1085 312 1141 της
342 1061 396 1124 καὶ
417 1061 617 1163 θρεψαμένης
640 1062 691 1124 καί
709 1058 982 1145 παιδαγωγησόσης
998 1060 1051 1125 καί
1076 1059 1173 1167 λόγων
1194 1065 1247 1127 καί

144 1141 293 1252 ν’νόματος
307 1141 502 1247 μεταδοόσης,
525 1144 620 1220 τίς
578 1170 619 1227 μη
639 1144 763 1226 ὤφελεν,
786 1148 953 1227 ἐκκλησίας·
974 1148 1026 1210 καί
1040 1170 1077 1210 τα
1069 1143 1247 1212 δεινότατα

143 1226 231 1295 ssul’
209 1224 418 1295 αττεωκτότατα
430 1230 483 1293 καί
486 1227 610 1338 πόρρω
631 1228 740 1307 παντὸς
758 1235 999 1336 παραδείγματος
1019 1227 1175 1317 ακολαστφ
1193 1234 1246 1297 καί

143 1321 282 1423 τολμηρᾷ
295 1310 407 1421 yluinp
420 1311 496 1378 susal
516 1321 570 1396 τῆς
592 1320 723 1407 Χριστοῦ
737 1312 862 1398 νύμφης
880 1317 971 1422 οβρίζ
970 1342 1012 1393 ει,
1034 1316 1086 1380 καί
1100 1296 1245 1418 Βαρίαοίμ

143 1395 213 1465 κατ’
230 1396 312 1464 ατίτό
328 1424 408 1482 φημι
425 1405 515 1464 τοῦτο
533 1398 584 1465 τόν
597 1400 788 1485 μυσταγωγὸν
805 1408 866 1466 ssia
883 1399 1028 1466 τοιούτων
1043 1399 1242 1486 παρενεγκαίν.

228 1487 375 1565 Gregoras
389 1505 462 1546 vero
477 1486 563 1563 iste,
553 1507 586 1547 sn
600 1486 679 1547 hanc
694 1489 816 1549 urbium
830 1488 1006 1568 principem,
1021 1489 1096 1547 etad
1106 1508 1244 1566 magnam

142 1571 381 1633 christianarum
402 1571 592 1631 ecclesiarum
615 1581 754 1648 matrem,
777 1594 816 1633 ex
833 1573 967 1633 barbaris
989 1593 1059 1632 curn
1073 1573 1244 1633 advenisset

143 1654 358 1739 (Paphlagonis
369 1655 481 1735 quippe
495 1656 669 1736 oriundus),
689 1667 847 1737 postquam
860 1659 1052 1732 educatione,
1071 1657 1241 1735 disciplina,

145 1750 177 1800 et
194 1741 381 1821 politioribus
402 1742 582 1801 Graecorum
606 1742 713 1801 litteris
736 1742 769 1800 in
797 1742 856 1801 hac
878 1742 1001 1801 civitate
1021 1740 1066 1798 sic
1085 1741 1243 1799 institutus

148 1834 211 1899 cst,
233 1835 268 1884 ut
286 1825 317 1885 in
334 1825 483 1885 altioribus
503 1826 637 1887 scientiis
653 1826 791 1885 nonnihil
805 1835 938 1886 versatus
954 1834 985 1885 et
1000 1824 1122 1905 aliquod
1134 1844 1243 1884 nomen

146 1910 282 1971 lucratus
304 1928 363 1969 esse
376 1909 546 1989 videretur,
567 1911 659 1971 immo
672 1911 821 1971 illustn'us
837 1932 872 1970 ac
885 1911 979 1971 maius
999 1929 1089 1990 quam
1111 1910 1191 1989 quod
1206 1930 1242 1969 rs

142 1996 206 2075 ipss
225 2004 387 2073 meruerut;
417 1996 510 2063 ritum
532 1996 651 2075 quidem
672 2005 702 2057 et
723 2016 888 2057 sermonem
908 1995 1068 2056 barbarum
1092 1996 1239 2075 quodam-
1303 2007 1307 2015 '

138 2080 230 2141 suedo
254 2080 358 2157 exuit3
379 2100 498 2141 morum
518 2091 616 2141 autem
639 2091 670 2141 et
696 2082 787 2141 animi
808 2082 972 2143 barbariem
992 2100 1055 2140 nou
1072 2082 1163 2140 modo
1176 2102 1239 2141 non

137 2166 254 2241 amisit,
275 2166 329 2225 sed
343 2176 378 2225 ut
393 2166 488 2227 maior
501 2176 577 2227 esset
590 2186 708 2245 operam
723 2166 823 2243 dedit,
845 2176 876 2226 et
887 2166 1059 2246 plenissime
1071 2166 1109 2224 de
1122 2186 1177 2226 suo
1190 2187 1239 2224 ac.

137 2253 273 2311 cossium
287 2252 465 2327 cumulavit,
485 2252 678 2332 popularibus
693 2252 754 2311 auis
770 2252 845 2312 adeo
857 2252 911 2311 ille
924 2251 1009 2331 peior
1022 2250 1080 2310 hsc
1093 2252 1128 2309 in
1141 2260 1236 2331 purte,

135 2346 173 2395 ut
186 2356 256 2395 cum
267 2356 304 2395 eo
317 2356 356 2395 ne
372 2337 504 2397 conferri
519 2312 638 2417 quidem
651 2337 777 2415 possint.
819 2336 979 2397 Enimvero
992 2336 1034 2411 hi,
1056 2356 1238 2416 quamquam

135 2420 240 2501 lingue
256 2430 288 2481 et
307 2422 371 2481 ritu
385 2422 520 2498 barbari,
541 2424 574 2481 id
588 2422 670 2502 quod
686 2422 722 2481 ab
738 2422 913 2481 educatione
924 2431 955 2481 et
966 2420 1004 2479 ab
1015 2420 1163 2480 institutis
1179 2444 1236 2501 ps-

135 2507 203 2569 niis
222 2504 353 2581 habent,
373 2516 475 2566 tamen
494 2507 626 2567 mosibus
648 2506 735 2587 probi
756 2516 845 2585 sunt,
869 2505 1113 2585 honestatemque
1126 2506 1235 2568 etvir-

135 2600 246 2667 tutem,
267 2601 409 2669 quantam
428 2593 461 2651 in
477 2610 509 2655 se
522 2600 577 2664 est,
600 2592 713 2655 colunt.
747 2591 839 2651 lidesu
851 2612 952 2652 veram
965 2590 1140 2668 religionem
1154 2592 1235 2672 Apo·

138 2676 345 2755 stolorumqna
365 2688 395 2737 et
417 2678 542 2745 Petrum
562 2677 700 2755 dogmata
728 2675 862 2737 studiose
878 2698 950 2758 prae
970 2676 1093 2736 caeteris
1119 2677 1234 2755 ample-

137 2770 266 2823 ctuntur
288 2770 318 2821 et
336 2762 525 2839 custodiunt,
550 2761 678 2822 animam
701 2762 799 2843 ipsam
822 2782 879 2842 pro
898 2762 953 2838 iis,
976 2761 1003 2819 si
1016 2770 1132 2839 tempus
1147 2762 1234 2837 ferat,

133 2866 252 2908 sumnus
267 2846 460 2907 contentione
474 2857 504 2907 et
519 2847 648 2907 maximo
666 2868 734 2907 cum
747 2848 856 2927 gaudio
873 2844 1026 2906 effundere
1034 2844 1139 2925 parati.
1160 2844 1235 2904 lste

135 2942 244 2993 contra
263 2933 297 2992 in
311 2952 376 2993 esus
391 2933 548 2993 ecclesiam
561 2933 742 3009 insurrexit,
764 2950 840 3011 quae
853 2941 882 2991 et
892 2932 1007 2991 aluerat
1020 2940 1051 2989 et
1066 2930 1234 3010 praeceptis

134 3018 333 3093 formaverat3
357 3037 433 3097 quae
453 3018 608 3098 eloquium
629 3026 660 3077 et
681 3037 790 3077 nomeu
809 3016 941 3095 (utinam
954 3036 992 3075 ne
1004 3016 1046 3075 ita
1064 3036 1111 3075 res
1124 3013 1234 3098 essetl)

132 3101 289 3183 impertita
302 3104 414 3178 sueret3
435 3111 523 3183 atque
536 3104 570 3163 in
588 3102 698 3163 Christi
718 3122 859 3182 sponsam
877 3101 1083 3176 atrocissimas,
1103 3099 1234 3161 horren-

133 3186 189 3249 das
214 3197 246 3248 et
261 3188 300 3247 ab
313 3188 450 3268 exemplo
466 3189 547 3248 omui
562 3188 775 3249 remotissimas
791 3186 986 3246 contumelias
1001 3186 1087 3259 iecit,
1108 3186 1232 3246 Barlaa-

130 3292 217 3333 snuus
236 3273 353 3354 ipsum,
373 3272 432 3333 hac
450 3272 483 3332 in
498 3294 533 3336 ra
552 3273 708 3351 videlicet,
729 3272 840 3334 lausum
852 3272 1039 3355 [magistrum
1050 3269 1093 3350 et]
1110 3271 1233 3333 antisti-

132 3370 198 3419 tesn
210 3368 454 3439 praetergressus.

132 3542 178 3605 V.
206 3542 276 3605 Τοῦ
293 3536 498 3621 Aeindvnos),
520 3537 557 3608 ἐκ
571 3539 811 3627 Θεσσαλονίκης
828 3535 914 3623 πρός
932 3538 991 3608 τὸν
1007 3541 1180 3627 Γρηγορᾶγ
1192 3493 1231 3624 1),

220 3656 434 3760 Buluupsiv‘
413 3687 430 3727 ο
457 3668 608 3770 γενναῖος,
638 3658 781 3771 φίλμς
755 3687 799 3727 ων
821 3660 889 3769 ἐμοὶ
907 3660 960 3725 καί
984 3663 1091 3744 φίλους
1115 3657 1232 3733 πάντας

128 3738 431 3851 νττερβαίόμενος
395 3772 432 3810 τα
429 3743 521 3851 πρός
540 3742 650 3849 ίμί,’
630 3772 685 3811 αντ
690 3743 805 3831 ἀίίης
823 3742 906 3821 τινός
920 3752 1056 3830 λαμπρᾶς
1074 3748 1127 3813 καί
1142 3740 1231 3847 μεγά-

129 3836 196 3933 λης
211 3825 384 3913 εὐεργεσίας
397 3828 491 3937 (ᾔδει
508 3827 572 3941 γάρ
593 3856 629 3915 με
651 3837 709 3896 σοῦ
726 3856 757 3897 τε
775 3832 828 3896 καί
843 3836 906 3897 τοῖν
918 3837 981 3896 univ
994 3852 1232 3941 ονγγραμματων

129 3911 257 4023 σφόδρα
282 3912 572 4022 περικαόμενον)’
532 3942 635 4023 pepusa
659 3916 817 4023 ἒνεχείρεσί
839 3942 891 3999 μοι
909 3941 967 3999 την
987 3916 1046 4000 σην
1063 3909 1231 4020 ίκτστολήν,

128 3998 283 4151 iiiiii
296 4024 366 4149 ttt
384 3996 650 4152 &illidii
658 3997 1088 4151 ἴίίοωίωὶίίασέἷίίίίὲ
1103 3991 1232 4150 itti?

128 4196 175 4235 αν
189 4170 277 4253 ἡμεῖς
295 4172 374 4237 ίὸεῖν
392 4196 424 4237 τε
435 4111 596 4238 nolensis
618 4112 889 4292 ίξικόγίείῖόιίίτῇ
852 4107 948 4239 uoci
958 4172 1059 4259 ίκείνη
1071 4111 1237 4256 sepedum,

172 4356 204 4428 1)
222 4352 363 4428 Dfltrlph
383 4373 416 4414 ex
434 4357 491 4415 nell·
510 4357 568 4415 vu
591 4359 668 4417 1086
690 4374 766 4415 mauu
787 4354 857 4412 (ilar.
874 4354 909 4410 V
918 4354 950 4409 l)
968 4355 1104 4410 natm
1114 4352 1200 4405 δοκοὶ.
