3017 4742
235 326 315 373 xxvr
467 310 701 381 NICEPHOlll
722 310 963 381 GBEGORAE
985 312 1102 380 VITA.

237 482 268 533 et
284 468 445 546 Ricardus,
466 468 518 529 hic
541 468 700 550 spiscopus
720 468 931 532 chersonensis
947 467 990 550 ¹),
1009 470 1063 530 ille
1078 468 1205 549 Bospori
1224 466 1255 550 ²)
1278 490 1332 531 ar·

237 558 460 637 chiepiscopus,
481 576 499 613 a
514 554 592 636 Papa
609 556 717 614 loanne
728 576 808 617 1111.
824 557 914 635 legati
925 557 1104 634 Byzantium
1114 563 1273 630 venerunt,
1294 555 1333 615 de

236 644 324 705 rebus
339 640 539 703 controversis
553 640 758 721 disceptaturi.
800 642 924 701 loannes
938 642 1057 700 Galecss
1067 638 1256 720 patriarche,
1278 640 1334 719 qui

237 747 294 789 nec
301 728 363 807 ipse
372 723 632 805 linguam'dicendi
644 746 701 786 usu
712 728 906 787 exercitatam
917 725 1055 800 hebebat,
1079 735 1109 785 et
1133 746 1203 786 suos
1210 725 1333 805 episeo-

236 834 294 895 pos
317 813 476 871 maximam
494 820 609 891 partem
631 811 855 871 indoctissimos
874 831 936 870 esse
958 812 1110 885 cernebat,
1131 810 1334 890 Nicephorum

238 900 414 975 Gregorsm,
441 897 553 956 laicum
575 896 708 975 quidem,
731 897 784 956 sed
803 896 952 957 eruditum
967 905 997 956 et
1017 896 1155 977 inprimis
1176 897 1332 972 disertum,

235 982 320 1042 illico
336 982 512 1059 advocavit,
534 991 565 1042 et
581 983 619 1041 sd
631 982 795 1042 ineundum
818 1002 887 1042 cuns
900 982 1014 1041 Latinis
1031 991 1180 1042 certamen
1193 978 1333 1041 hortatus
1373 1037 1378 1045 .

235 1077 289 1128 est.
330 1068 389 1127 Hic
403 1067 491 1126 initio
511 1064 662 1127 silentium
677 1068 835 1128 suadebat:
858 1088 930 1127 mox
951 1069 1068 1127 futuras
1089 1067 1161 1127 inde
1182 1065 1333 1146 suspicio-

235 1174 289 1213 nes
314 1163 344 1211 et
363 1152 465 1232 iniqua
484 1150 640 1212 hominum
660 1152 772 1213 iudicia
792 1153 940 1214 reveritus
961 1153 1089 1233 amplius
1109 1150 1334 1212 deliberandum

237 1238 372 1315 censuit,
395 1259 431 1297 ac
445 1257 536 1318 super
552 1258 586 1298 eo
600 1239 718 1318 negotio
730 1238 832 1298 hsbits
845 1260 945 1299 corum
958 1238 1074 1298 selectis
1090 1237 1237 1321 episcopis
1253 1235 1335 1317 apud

235 1322 436 1403 patriarchum
448 1324 535 1403 longa
550 1324 700 1401 oratione,
722 1325 897 1385 sententiam
915 1344 999 1383 suam
1015 1322 1095 1383 hanc
1111 1343 1173 1383 esse
1197 1321 1336 1383 declara-

235 1409 297 1468 vit:
313 1410 411 1489 primo
426 1430 488 1469 non
502 1406 598 1468 cuivis
614 1410 847 1489 permittendum
862 1408 1015 1490 disputare
1029 1429 1098 1469 cum
1109 1408 1205 1468 Italis:
1228 1406 1337 1466 deinde

236 1514 361 1573 scopum
377 1494 504 1573 aliquem
524 1494 721 1575 disputationi
735 1496 983 1575 proponendum:
1004 1504 1070 1553 tum
1092 1491 1337 1553 constituendum

238 1599 301 1637 esse
314 1578 459 1654 iudicem;
481 1579 514 1637 id
527 1600 599 1639 vero
614 1600 721 1639 munus
736 1579 774 1638 ad
790 1579 918 1639 Graecos
935 1579 1101 1660 pertineret
1123 1578 1195 1638 fidei
1215 1588 1337 1637 contro·

237 1664 348 1722 versiae
372 1664 508 1723 omnibns
531 1665 673 1723 ecclesiae
697 1666 883 1746 praesulibus
905 1665 1078 1725 convocatis
1100 1673 1238 1743 oportere
1259 1662 1336 1721 deii-

236 1748 314 1808 niri:
333 1748 554 1827 syllogismum,
577 1770 635 1827 qua
657 1750 883 1826 argumentandi
903 1749 1019 1808 ratione
1039 1749 1204 1829 plurimum
1226 1742 1335 1827 stow)

238 1832 389 1910 valerent,
418 1832 471 1891 ubi
494 1832 531 1891 de
547 1833 606 1891 Deo
634 1832 852 1913 disputaretur,
879 1833 981 1891 locum
1003 1833 1126 1891 minime
1142 1832 1267 1892 habere:
1297 1851 1336 1891 ne

128 1940 138 1961 ⁸
237 1918 303 2000 ipss
318 1916 438 1997 quidem
456 1918 577 1976 Petrum
601 1918 771 1978 testimonis
793 1917 982 1996 accipienda,
1003 1916 1063 1975 nisi
1085 1937 1158 1996 quae
1178 1918 1337 1998 perspicus

239 2011 350 2063 essent:
373 1988 748 2081 denique‘disputationem
761 2022 880 2061 omnem
895 2000 985 2061 hodie
1000 2021 1265 2082 supervacaneam
1288 2021 1338 2060 css

240 2086 425 2169 quaestiones
437 2086 613 2165 iampridem
633 2086 774 2165 agitatas:
802 2086 926 2146 delinita
946 2087 983 2145 sb
1010 2086 1141 2168 antiquis
1163 2086 1338 2147 doctoribus

239 2192 302 2233 non
316 2192 379 2229 esse
391 2171 424 2229 in
438 2172 564 2233 dubium
577 2173 755 2247 revocando,
778 2191 834 2230 nec
845 2172 937 2231 licere
948 2172 983 2231 in
996 2172 1085 2231 rebus
1104 2172 1213 2233 divinis
1226 2182 1340 2231 temere

238 2256 423 2319 ratiocinari.
471 2252 554 2317 Haec
577 2256 700 2333 etalio,
723 2255 906 2316 eodemfere
932 2257 1116 2336 spectantia,
1143 2278 1214 2317 cum
1239 2256 1339 2316 diris·
1385 2284 1389 2292 ¹

239 2352 307 2419 set,
343 2340 424 2423 visus
454 2350 500 2401 est
531 2340 729 2402 eruditiorum
751 2342 961 2421 episcoporum
994 2342 1131 2423 opinioni
1166 2362 1339 2417 conmen-

229 2428 282 2487 tis
305 2426 431 2503 dixisse,
461 2446 529 2486 cum
556 2427 700 2497 aliorum,
728 2436 795 2486 tum
817 2426 945 2486 maxime
966 2427 1177 2507 Dyrrhachini.
1220 2428 1339 2487 Horum

240 2512 448 2572 auctoritatem
488 2512 613 2588 caetori,
648 2513 700 2591 qui
734 2513 904 2592 eloquentia
935 2512 1034 2573 minus
1064 2513 1218 2589 valebant,
1254 2512 1339 2572 omni

241 2596 440 2657 contentionis
459 2597 558 2657 studio
583 2596 714 2675 abiecto,
742 2596 862 2677 sequuti
888 2607 968 2658 sunt.
1010 2598 1055 2657 ltu
1075 2596 1181 2658 Graeci
1204 2596 1340 2657 oblatum

239 2704 256 2743 a
269 2682 380 2742 Latinis
396 2688 544 2741 certamen
558 2682 748 2743 declinarunt
758 2682 798 2761 ⁴).
821 2684 931 2741 Temen
946 2684 1117 2744 Barlaamus
1132 2706 1188 2764 pro
1205 2684 1340 2743 Graeco-

238 2790 304 2829 rum
319 2768 456 2848 dogmatc
467 2769 563 2828 multa
576 2777 641 2828 tum
657 2768 777 2849 scripsit
790 2765 818 2849 ⁶)
835 2768 977 2830 adversus
984 2769 1109 2829 Romani
1120 2768 1276 2850 pontificis
1289 2770 1340 2829 le-

275 2990 307 3058 1)
324 2988 373 3042 va
430 2986 608 3041 cersonensis.
682 2987 714 3054 2)
730 2987 816 3056 Vulgo
828 2987 993 3057 Vespreusis.
1026 2986 1095 3039 Vide
1114 2986 1247 3056 epistolam
1263 2986 1341 3041 losu-

309 3057 349 3112 nis
393 3056 451 3111 ΧΠ.
471 3058 505 3111 sd
525 3057 591 3109 bunc
605 3055 842 3126 archiepiscopum,
860 3057 945 3109 datam
962 3054 1092 3109 Arenioue
1105 3058 1136 3110 A.
1151 3056 1183 3109 C.
1202 3058 1278 3111 13³&
1301 3073 1340 3110 vr.

308 3128 378 3182 Non.
388 3126 436 3179 lul.
462 3126 528 3179 Vide
536 3134 563 3179 et
571 3127 710 3179 Odoricum
720 3126 882 3195 [lupualdum
896 3126 929 3178 ud
942 3143 1000 3178 unu·
1014 3126 1089 3181 13³3.
1105 3142 1173 3179 uutu.
1187 3128 1228 3180 17.
1243 3129 1341 3183 18.19.

308 3196 370 3249 item
384 3195 418 3247 sd
434 3212 527 3249 annuus
542 3194 617 3252 1334.
636 3213 704 3249 num.
717 3194 743 3247 4.
756 3196 782 3253 5.
850 3196 882 3262 3)
900 3196 996 3248 Graeci
1010 3195 1116 3247 Latinos
1130 3195 1264 3264 theologos
1277 3212 1340 3265 pss-

312 3265 360 3317 sim
374 3270 465 3319 uolam
485 3272 512 3318 et
530 3264 713 3329 vellicant‚yut
726 3264 792 3333 syllo
810 3262 867 3316 ‘suri
886 3263 989 3317 nimium
1006 3264 1142 3317 studiosos.
1176 3265 1341 3317 Cunbacuze·
1366 3303 1374 3316 .

310 3351 358 3386 nus
378 3334 407 3385 in
430 3333 603 3387 Antirrhetico
620 3339 710 3386 eontra
728 3334 766 3386 Pr
815 3350 886 3385 orum
910 3332 1051 3403 Cydonium
1079 3332 1158 3400 (cod.
1182 3349 1238 3401 reg.
1262 3334 1340 3387 1999.

311 3420 372 3472 pug.
390 3400 447 3470 41.)
466 3406 492 3457 al
507 3402 536 3457 δ’
553 3399 605 3459 osis
626 3400 750 3471 αὐτάρκη
768 3404 876 3466 ταῦτα,
893 3408 985 3457 καίτοι
1001 3401 1089 3457 πολλά
1103 3421 1134 3471 ys
1149 3399 1217 3458 ὄντα
1235 3402 1281 3455 καί
1293 3398 1341 3466 μί·

310 3488 406 3541 rcum,
424 3472 471 3527 καί
484 3476 536 3528 τοῦ
548 3472 624 3540 παρὰ
636 3475 766 3535 Λατίνοις
778 3468 949 3528 διδασκάλου
966 3474 1064 3539 Gnissi,
1081 3468 1261 3541 συλλογισμόν
1271 3472 1342 3539 udl-

311 3534 391 3608 10νῆ
407 3536 475 3609 ἆέρα
490 3542 638 3607 παίοντας,
656 3543 706 3611 τὴν
719 3543 874 3610 μαρτυρίαν
887 3558 931 3597 σοι
947 3543 1139 3609 παρεξόμεθα·
1157 3544 1227 3608 πρὸς
1239 3537 1276 3609 ἣν
1288 3534 1341 3595 otis

313 3604 349 3664 ἂν
372 3610 430 3679 εἴης
451 3612 559 3674 δίκαιος
574 3612 758 3684 ἀντιβαίνειν,
774 3618 835 3675 τοῖς
854 3608 943 3665 αὐτοῦ
958 3610 1164 3681 συγγράμμασιν
1182 3608 1341 3679 ἐπικαίρων,

311 3678 460 3733 καὶταῦτα
473 3681 601 3747 καθάπερ
613 3681 719 3745 πλάκας
729 3680 799 3749 ἔχων
809 3679 1011 3744 demulsimus.
1034 3682 1132 3733 idest:
1148 3682 1216 3749 quod
1230 3682 1253 3732 si
1266 3681 1341 3741 lenes,

314 3752 374 3803 licet
385 3752 468 3803 musa
481 3759 507 3803 et
519 3754 645 3816 marimo,
662 3770 713 3805 non
724 3752 873 3819 ruffinum
889 3752 970 3819 ipsius
988 3768 1085 3819 quoque
1100 3750 1229 3812 Theseae,
1248 3748 1342 3801 hutini

312 3820 441 3881 doctoris,
460 3820 504 3887 qni
519 3823 695 3891 syllogismus
713 3823 800 3890 magis
820 3838 897 3889 quesn
917 3823 1001 3872 uirens
1010 3820 1152 3887 spirabat,
1168 3818 1343 3871 testimonium

313 3890 362 3941 tibi
379 3890 560 3942 exhibebimus
579 3892 619 3942 sni
631 3898 660 3942 tn
673 3896 741 3941 certe
751 3907 899 3957 repugnare
912 3906 964 3940 non
977 3890 1067 3951 dobes,
1084 3906 1140 3940 cnm
1155 3896 1181 3940 et
1192 3889 1264 3939 illius
1276 3885 1342 3937 seri-

312 3959 366 4027 ptis
374 3958 516 4020 delecteris,
524 3966 550 4011 et
562 3977 593 4011 en
603 3976 651 4027 pro
664 3960 852 4011 inviolabilibus
863 3960 949 4026 legum
958 3957 1165 4010 tnbnls'slsubans.
1211 3954 1242 4023 4)
1259 3956 1342 4007 Bzov.

314 4026 348 4077 sd
364 4043 422 4079 usn.
440 4028 516 4083 1333.
532 4046 597 4081 num.
620 4030 642 4082 1.
668 4029 721 4081 Leo
734 4028 811 4079 mist.
836 4028 876 4077 De
888 4026 988 4078 liccles.
1001 4025 1092 4081 Occid.
1108 4033 1135 4079 et
1148 4024 1251 4077 Oriens.
1299 4040 1341 4091 rp.

314 4111 382 4147 cons.
401 4096 450 4148 col
472 4100 531 4153 800.
602 4097 632 4165 5)
656 4098 798 4151 Csntscun
815 4094 884 4148 Hist.
901 4095 946 4147 lib.
974 4110 1004 4148 n.
1027 4114 1051 4148 c.
1067 4096 1110 4149 39.
1135 4093 1241 4146 Odoric
1281 4109 1342 4161 syn.

313 4162 346 4215 sd
367 4166 397 4216 Α.
420 4167 452 4218 C.
483 4170 542 4225 133.
568 4183 636 4220 num.
657 4168 699 4222 18.
744 4164 813 4216 Vide
833 4170 861 4216 et
886 4163 1019 4233 epistolam
1042 4164 1172 4217 Bsrlsami
1195 4163 1229 4215 ad
1250 4161 1345 4213 Deme-

312 4231 389 4287 trium
419 4235 687 4299 Tbessalouicenseu,
717 4250 784 4305 quaa
811 4238 884 4288 extet
909 4233 978 4305 apud
997 4234 1079 4287 Bsov.
1113 4232 1149 4287 sd
1182 4248 1241 4285 aon.
1265 4230 1343 4285 135³.

314 4318 381 4359 num.
398 4318 435 4356 xx.
